% This file was created with JabRef 2.10.
% Encoding: UTF-8

@inproceedings{rich1997collagen,
	title={COLLAGEN: When agents collaborate with people},
	author={Rich, Charles and Sidner, Candace L},
	booktitle={Proceedings of the first international conference on Autonomous agents},
	pages={284--291},
	year={1997},
	organization={ACM}
}

@article{swartout2006toward,
	title={Toward virtual humans},
	author={Swartout, William R and Gratch, Jonathan and Hill Jr, Randall W and Hovy, Eduard and Marsella, Stacy and Rickel, Jeff and Traum, David and others},
	journal={AI Magazine},
	volume={27},
	number={2},
	pages={96},
	year={2006}
}

@article{dunbar2005perceptions,
	title={Perceptions of power and interactional dominance in interpersonal relationships},
	author={Dunbar, Norah E and Burgoon, Judee K},
	journal={Journal of Social and Personal Relationships},
	volume={22},
	number={2},
	pages={207--233},
	year={2005},
	publisher={Sage Publications Sage CA: Thousand Oaks, CA}
}

@article{zablotskaya2012relating,
	title={Relating dominance of dialogue participants with their verbal intelligence scores},
	author={Zablotskaya, Kseniya and Rahim, Umai and Fern{\'a}ndez Mart{\'\i}n, Jaime and Minker, Wolfgang},
	year={2012},
	publisher={Telecomunicacion}
}


@article{burgoonnonverbal,
	title={Nonverbal expressions of dominance and power in human relationships},
	author={Burgoon, Judee K and Dunbar, Norah E},
	journal={The Sage handbook of nonverbal communication. Sage},
	volume={2},
	year={2006}
}

@article{lai2008decentralized,
	title={A decentralized model for automated multi-attribute negotiations with incomplete information and general utility functions},
	author={Lai, Guoming and Sycara, Katia and Li, Cuihong},
	journal={Multiagent and Grid Systems},
	volume={4},
	number={1},
	pages={45--65},
	year={2008},
	publisher={IOS Press}
}

@article{lai2004literature,
	title={Literature review on multi-attribute negotiations},
	author={Lai, Guoming and Li, Cuihong and Sycara, Katia and Giampapa, Joseph},
	journal={Robotics Inst., Carnegie Mellon Univ., Pittsburgh, PA, Tech. Rep. CMU-RI-TR-04-66},
	year={2004}
}

@article{jonker2007agent,
	title={An agent architecture for multi-attribute negotiation using incomplete preference information},
	author={Jonker, Catholijn M and Robu, Valentin and Treur, Jan},
	journal={Autonomous Agents and Multi-Agent Systems},
	volume={15},
	number={2},
	pages={221--252},
	year={2007},
	publisher={Springer}
}

@article{grosz1986attention,
	title={Attention, intentions, and the structure of discourse},
	author={Grosz, Barbara J and Sidner, Candace L},
	journal={Computational linguistics},
	volume={12},
	number={3},
	pages={175--204},
	year={1986},
	publisher={MIT Press}
}

@inproceedings{nass1994computers,
	title={Computers are social actors},
	author={Nass, Clifford and Steuer, Jonathan and Tauber, Ellen R},
	booktitle={Proceedings of the SIGCHI conference on Human factors in computing systems},
	pages={72--78},
	year={1994},
	organization={ACM}
}

@article{giebels2000interdependence,
	title={Interdependence in negotiation: Effects of exit options and social motive on distributive and integrative negotiation},
	author={Giebels, Ellen and De Dreu, Carsten KW and Van De Vliert, Evert},
	journal={European Journal of Social Psychology},
	volume={30},
	number={2},
	pages={255--272},
	year={2000},
	publisher={Wiley Online Library}
}

@article{broekens2010affective,
	title={Affective negotiation support systems},
	author={Broekens, Joost and Jonker, Catholijn M and Meyer, John-Jules Ch},
	journal={Journal of Ambient Intelligence and Smart Environments},
	volume={2},
	number={2},
	pages={121--144},
	year={2010},
	publisher={IOS Press}
}

@article{sharma2013role,
	title={On the role of personality, cognitive ability, and emotional intelligence in predicting negotiation outcomes: A meta-analysis},
	author={Sharma, Sudeep and Bottom, William P and Elfenbein, Hillary Anger},
	journal={Organizational Psychology Review},
	volume={3},
	number={4},
	pages={293--336},
	year={2013},
	publisher={SAGE Publications Sage UK: London, England}
}


@Article{de2004influence,
	Title                    = {The influence of power on the information search, impression formation, and demands in negotiation},
	Author                   = {De Dreu, Carsten KW and Van Kleef, Gerben A},
	Journal                  = {Journal of Experimental Social Psychology},
	Year                     = {2004},
	Number                   = {3},
	Pages                    = {303--319},
	Volume                   = {40},
	
	Publisher                = {Elsevier}
}

@Article{magee2007power,
	Title                    = {Power, propensity to negotiate, and moving first in competitive interactions},
	Author                   = {Magee, Joe C and Galinsky, Adam D and Gruenfeld, Deborah H},
	Journal                  = {Personality and Social Psychology Bulletin},
	Year                     = {2007},
	Number                   = {2},
	Pages                    = {200--212},
	Volume                   = {33},
	
	Owner                    = {ouldouali},
	Timestamp                = {2017.02.13}
}


@Article{van2006power,
	Title                    = {Power and emotion in negotiation: Power moderates the interpersonal effects of anger and happiness on concession making},
	Author                   = {Van Kleef, Gerben A and De Dreu, Carsten KW and Pietroni, Davide and Manstead, Antony SR},
	Journal                  = {European Journal of Social Psychology},
	Year                     = {2006},
	Number                   = {4},
	Pages                    = {557--581},
	Volume                   = {36},
	publisher={Wiley Online Library}
}

@article{de1995impact,
	title={The impact of social value orientations on negotiator cognition and behavior},
	author={De Dreu, Carsten KW and Van Lange, Paul AM},
	journal={Personality and Social Psychology Bulletin},
	volume={21},
	number={11},
	pages={1178--1188},
	year={1995},
	publisher={Sage Publications Sage CA: Thousand Oaks, CA}
}

@article{galinsky2003power,
	title={From power to action.},
	author={Galinsky, Adam D and Gruenfeld, Deborah H and Magee, Joe C},
	journal={Journal of personality and social psychology},
	volume={85},
	number={3},
	pages={453},
	year={2003},
	publisher={American Psychological Association}
}

@article{fiske1993controlling,
	title={Controlling other people: The impact of power on stereotyping.},
	author={Fiske, Susan T},
	journal={American psychologist},
	volume={48},
	number={6},
	pages={621},
	year={1993},
	publisher={American Psychological Association}
}


@article{bra2013Kendall,
	title={Comparing and aggregating partial orders with Kendall tau distances},
	author={Brandenburg, Franz J and Glei{\ss}ner, Andreas and Hofmeier, Andreas},
	journal={Discrete Mathematics, Algorithms and Applications},
	volume={5},
	number={02},
	pages={1360003},
	year={2013},
	publisher={World Scientific}
}

@inproceedings{lance2008relation,
	title={The relation between gaze behavior and the attribution of emotion: An empirical study},
	author={Lance, Brent and Marsella, Stacy C},
	booktitle={Proc. IVA 2008},
	pages={1--14},
	year={2008}
}

@article{mignault2003many,
	title={The many faces of a neutral face: Head tilt and perception of dominance and emotion},
	author={Mignault, Alain and Chaudhuri, Avi},
	journal={Journal of nonverbal behavior},
	volume={27},
	number={2},
	pages={111--132},
	year={2003}
}

@inproceedings{bee2010bossy,
	title={Bossy or wimpy: expressing social dominance by combining gaze and linguistic behaviors},
	author={Bee, Nikolaus and Pollock, Colin and Andr{\'e}, Elisabeth and Walker, Marilyn},
	booktitle={Proc. IVA 2010},
	pages={265--271},
	year={2010}
}

@inproceedings{strassmann2016effect,
	title={The Effect of an Intelligent Virtual Agent’s Nonverbal Behavior with Regard to Dominance and Cooperativity},
	author={Stra{\ss}mann, Carolin and von der P{\"u}tten, Astrid Rosenthal and Yaghoubzadeh, Ramin and Kaminski, Raffael and Kr{\"a}mer, Nicole},
	booktitle={Proc. IVA 2016},
	pages={15--28},
	year={2016}
}

@article{mehrabian1996analysis,
	title={Analysis of the Big-five Personality Factors in Terms of the PAD Temperament Model},
	author={Mehrabian, Albert},
	journal={Australian Journal of Psychology},
	volume={48},
	number={2},
	pages={86--92},
	year={1996},
	publisher={Wiley Online Library}
}

@inproceedings{gebhard2014exploring,
	title={Exploring interaction strategies for virtual characters to induce stress in simulated job interviews},
	author={Gebhard, Patrick and Baur, Tobias and Damian, Ionut and Mehlmann, Gregor and Wagner, Johannes and Andr{\'e}, Elisabeth},
	booktitle={Proc. AAMAS 2014},
	pages={661--668},
	year={2014}
}

@inproceedings{callejas2014computational,
	title={A computational model of social attitudes for a virtual recruiter},
	author={Callejas, Zoraida and Ravenet, Brian and Ochs, Magalie and Pelachaud, Catherine},
	booktitle={Proc. AAMAS 2014},
	pages={93--100},
	year={2014}
}
@article{bickmore2005establishing,
	title={Establishing and maintaining long-term human-computer relationships},
	author={Bickmore, Timothy W and Picard, Rosalind W},
	journal={ACM Transactions on Computer-Human Interaction (TOCHI)},
	volume={12},
	number={2},
	pages={293--327},
	year={2005},
	publisher={ACM}
}

@article{bickmore2005s,
	title={‘It's just like you talk to a friend’relational agents for older adults},
	author={Bickmore, Timothy W and Caruso, Lisa and Clough-Gorr, Kerri and Heeren, Tim},
	journal={Interacting with Computers},
	volume={17},
	number={6},
	pages={711--735},
	year={2005},
	publisher={Elsevier}
}

@inproceedings{kidd2005sociable,
	title={Sociable robot systems for real-world problems},
	author={Kidd, Cory D and Breazeal, Cynthia},
	booktitle={Robot and Human Interactive Communication, 2005. ROMAN 2005. IEEE International Workshop on},
	pages={353--358},
	year={2005},
	organization={IEEE}
}

@book{kecskes2013research,
	title={Research trends in intercultural pragmatics},
	author={Kecsk{\'e}s, Istv{\'a}n and Romero-Trillo, Jes{\'u}s},
	volume={16},
	year={2013},
	publisher={Walter de Gruyter}
}

@inproceedings{sidner1994artificial,
	title={An artificial discourse language for collaborative negotiation},
	author={Sidner, Candace L},
	booktitle={AAAI},
	volume={94},
	pages={814--819},
	year={1994}
}


@inproceedings{chu1995response,
	title={Response generation in collaborative negotiation},
	author={Chu-Carroll, Jennifer and Carberry, Sandra},
	booktitle={Proceedings of the 33rd annual meeting on Association for Computational Linguistics},
	pages={136--143},
	year={1995},
	organization={Association for Computational Linguistics}
}


@inproceedings{traum2008multi,
	title={Multi-party, multi-issue, multi-strategy negotiation for multi-modal virtual agents},
	author={Traum, David and Marsella, Stacy C and Gratch, Jonathan and Lee, Jina and Hartholt, Arno},
	booktitle={Proc. IVA 2008},
	pages={117--130},
	year={2008}
}

@inproceedings{gulz2011extending,
	title={Extending a teachable agent with a social conversation module--effects on student experiences and learning},
	author={Gulz, Agneta and Haake, Magnus and Silvervarg, Annika},
	booktitle={Artificial intelligence in education},
	pages={106--114},
	year={2011},
	organization={Springer}
}

@article{carlson2013theory,
	title={Theory of mind},
	author={Carlson, Stephanie M and Koenig, Melissa A and Harms, Madeline B},
	journal={Wiley Interdisciplinary Reviews: Cognitive Science},
	volume={4},
	number={4},
	pages={391--402},
	year={2013},
	publisher={Wiley Online Library}
}

@article{de2015humans,
	title={Humans versus Computers: Impact of Emotion Expressions on People's Decision Making},
	author={de Melo, Celso M and Gratch, Jonathan and Carnevale, Peter J},
	journal={IEEE Transactions on Affective Computing},
	volume={6},
	number={2},
	pages={127--136},
	year={2015},
	publisher={IEEE}
}

@inproceedings{de2011effect,
	title={The effect of expression of anger and happiness in computer agents on negotiations with humans},
	author={de Melo, Celso M and Carnevale, Peter and Gratch, Jonathan},
	booktitle={Proc. AAMAS 2011},
	pages={937--944},
	year={2011}
}

@article{rich09,
	title={Robots and avatars as hosts, advisors, companions, and jesters},
	author={Rich, Charles and Sidner, Candace L},
	journal={AI Magazine},
	volume={30},
	number={1},
	pages={29},
	year={2009}
}

@inproceedings{klatt2011negotiations,
	title={Negotiations in the context of AIDS prevention: an agent-based model using theory of mind},
	author={Klatt, Jennifer and Marsella, Stacy and Kr{\"a}mer, Nicole C},
	booktitle={Proc. IVA 2011},
	pages={209--215},
	year={2011}
}

@article{kerly2008calmsystem,
	title={CALMsystem: a conversational agent for learner modelling},
	author={Kerly, Alice and Ellis, Richard and Bull, Susan},
	journal={Knowledge-Based Systems},
	volume={21},
	number={3},
	pages={238--246},
	year={2008},
	publisher={Elsevier}
}

@inproceedings{nazari2015opponent,
	title={Opponent modeling for virtual human negotiators},
	author={Nazari, Zahra and Lucas, Gale M and Gratch, Jonathan},
	booktitle={International Conference on Intelligent Virtual Agents},
	pages={39--49},
	year={2015},
	organization={Springer}
}

@article{tiedens2003power,
	title={Power moves: complementarity in dominant and submissive nonverbal behavior.},
	author={Tiedens, Larissa Z and Fragale, Alison R},
	journal={Journal of personality and social psychology},
	volume={84},
	number={3},
	pages={558},
	year={2003},
	publisher={American Psychological Association}
}

@book{wiltermuth2009benefits,
	title={The benefits of dominance complementarity in negotiations},
	author={Wiltermuth, Scott S},
	year={2009},
	publisher={Stanford University}
}

@article{olekalns2013dyadic,
	title={Dyadic power profiles: power-contingent strategies for value creation in negotiation},
	author={Olekalns, Mara and Smith, Philip Leigh},
	journal={Human Communication Research},
	volume={39},
	number={1},
	pages={3--20},
	year={2013},
	publisher={Oxford University Press Oxford, UK}
}

@article{burgoon1998nature,
	title={The nature and measurement of interpersonal dominance},
	author={Burgoon, Judee K and Johnson, Michelle L and Koch, Pamela T},
	journal={Communications Monographs},
	volume={65},
	number={4},
	pages={308--335},
	year={1998},
	publisher={Taylor \& Francis Group}
}

@book{cattell1970handbook,
	title={Handbook for the sixteen personality factor questionnaire (16 PF): In clinical, educational, industrial, and research psychology, for use with all forms of the test},
	author={Cattell, Raymond Bernard and Eber, Herbert W and Tatsuoka, Maurice M},
	year={1970},
	publisher={Institute for Personality and Ability Testing}
}

@article{ridgeway1987nonverbal,
	title={Nonverbal behavior, dominance, and the basis of status in task groups},
	author={Ridgeway, Cecilia L},
	journal={American Sociological Review},
	pages={683--694},
	year={1987},
	publisher={JSTOR}
}
@article{burgoon2006nonverbal,
	title={Nonverbal expressions of dominance and power in human relationships},
	author={Burgoon, Judee K and Dunbar, Norah E},
	journal={The Sage handbook of nonverbal communication. Sage},
	volume={2},
	year={2006}
}

@article{keltner1995signs,
	title={Signs of appeasement: Evidence for the distinct displays of embarrassment, amusement, and shame.},
	author={Keltner, Dacher},
	journal={Journal of personality and social psychology},
	volume={68},
	number={3},
	pages={441},
	year={1995},
	publisher={American Psychological Association}
}

@article{burgoon2000interactionist,
	title={An interactionist perspective on dominance-submission: Interpersonal dominance as a dynamic, situationally contingent social skill},
	author={Burgoon, Judee K and Dunbar, Norah E},
	journal={Communications Monographs},
	volume={67},
	number={1},
	pages={96--121},
	year={2000},
	publisher={Taylor \& Francis}
}

@article{emmons1991personal,
	title={Personal strivings and motive dispositions: Exploring the links},
	author={Emmons, Robert A and McAdams, Dan P},
	journal={Personality and Social Psychology Bulletin},
	volume={17},
	number={6},
	pages={648--654},
	year={1991},
	publisher={Sage Publications Sage CA: Thousand Oaks, CA}
}

@book{jackson1974personality,
	title={Personality research form manual},
	author={Jackson, Douglas Northrop},
	year={1974},
	publisher={research psychologists press}
}
@book{thompson2000mind,
	title={Mind and heart of the negotiator, the},
	author={Thompson, Leigh},
	year={2000},
	publisher={Prentice Hall Press}
}

@article{hall2005nonverbal,
	title={Nonverbal behavior and the vertical dimension of social relations: a meta-analysis.},
	author={Hall, Judith A and Coats, Erik J and LeBeau, Lavonia Smith},
	journal={Psychological bulletin},
	volume={131},
	number={6},
	pages={898},
	year={2005},
	publisher={American Psychological Association}
}
@incollection{ellyson1985power,
	title={Power, dominance, and nonverbal behavior: Basic concepts and issues},
	author={Ellyson, Steve L and Dovidio, John F},
	booktitle={Power, dominance, and nonverbal behavior},
	pages={1--27},
	year={1985},
	publisher={Springer}
}

@article{liska1990dominance,
	title={Dominance-seeking strategies in primates: an evolutionary perspective},
	author={Liska, Jo},
	journal={Human Evolution},
	volume={5},
	number={1},
	pages={75--90},
	year={1990},
	publisher={Springer}
}

@incollection{mitchell1985dominance,
	title={Dominance in nonhuman primates},
	author={Mitchell, G and Maple, Terry L},
	booktitle={Power, dominance, and nonverbal behavior},
	pages={49--66},
	year={1985},
	publisher={Springer}
}

@article{smither1993authoritarianism,
	title={Authoritarianism, dominance, and social behavior: A perspective from evolutionary personality psychology},
	author={Smither, Robert D},
	journal={Human Relations},
	volume={46},
	number={1},
	pages={23--43},
	year={1993},
	publisher={Sage Publications Sage CA: Thousand Oaks, CA}
}

@book{lips1991women,
	title={Women, men, and power.},
	author={Lips, Hilary M},
	year={1991},
	publisher={Mayfield Publishing Co}
}

@article{ridgeway1995legitimacy,
	title={Legitimacy, compliance, and gender in peer groups},
	author={Ridgeway, Cecilia L and Diekema, David and Johnson, Cathryn},
	journal={Social Psychology Quarterly},
	pages={298--311},
	year={1995},
	publisher={JSTOR}
}

@incollection{keating1985human,
	title={Human dominance signals: The primate in us},
	author={Keating, Caroline F},
	booktitle={Power, dominance, and nonverbal behavior},
	pages={89--108},
	year={1985},
	publisher={Springer}
}

@misc{huston1983power,
	title={Power. Close relationships, ed. by HH Kelley et al., 169-219},
	author={Huston, Ted},
	year={1983},
	publisher={New York: Freeman}
}

@article{millar1987relational,
	title={Relational dimensions of interpersonal dynamics.},
	author={Millar, Frank E and Rogers, L Edna},
	year={1987},
	publisher={Sage Publications, Inc}
}

@misc{burgoon1995interpersonal,
	title={Interpersonal adaptation: Dyadic patterns of interaction},
	author={Burgoon, JK and Stern, LA and Dillman, L},
	year={1995},
	publisher={New York: Cambridge University Press}
}

@article{mast2002dominance,
	title={Dominance as expressed and inferred through speaking time},
	author={Mast, Marianne Schmid},
	journal={Human Communication Research},
	volume={28},
	number={3},
	pages={420--450},
	year={2002},
	publisher={Wiley Online Library}
}

@misc{lax1986managerial,
	title={The managerial negotiator: bargaining for cooperation and competitive gain},
	author={Lax, David A and Sebenius, James K},
	year={1986},
	publisher={New York: Free Press. Google Scholar}
}

@article{wiltermuth2015benefits,
	title={The benefits of dominance complementarity in negotiations},
	author={Wiltermuth, Scott and Tiedens, Larissa Z and Neale, Margaret},
	journal={Negotiation and Conflict Management Research},
	volume={8},
	number={3},
	pages={194--209},
	year={2015},
	publisher={Wiley Online Library}
}

@article{canary1987,
	title={Appropriateness and effectiveness perceptions of conflict strategies},
	author={Canary, Daniel J and Spitzberg, Brian H},
	journal={Human communication research},
	volume={14},
	number={1},
	pages={93--118},
	year={1987},
	publisher={Oxford University Press}
}

@article{frieze1992power,
	title={Power and influence strategies in violent and nonviolent marriages},
	author={Frieze, Irene Hanson and McHugh, Maureen C},
	journal={Psychology of Women Quarterly},
	volume={16},
	number={4},
	pages={449--465},
	year={1992},
	publisher={Wiley Online Library}
}

@article{french1959bases,
	title={The bases of social power},
	author={French, John RP and Raven, Bertram and Cartwright, D},
	journal={Classics of organization theory},
	volume={7},
	pages={311--320},
	year={1959},
	publisher={Cengage Learning Boston, MA}
}

@article{estroff1992interpersonal,
	title={Interpersonal complementarity, gender of interactants, and performance on puzzle and word tasks},
	author={Estroff, Sharon Duke and Nowicki Jr, Stephen},
	journal={Personality and Social Psychology Bulletin},
	volume={18},
	number={3},
	pages={351--356},
	year={1992},
	publisher={Sage Publications Sage CA: Thousand Oaks, CA}
}

@article{jonker2012negotiating,
	title={Negotiating agents},
	author={Jonker, Catholijn M and Hindriks, Koen V and Wiggers, Pascal and Broekens, Joost},
	journal={AI Magazine},
	volume={33},
	number={3},
	pages={79},
	year={2012}
}

@incollection{baarslag2014decoupling,
	title={Decoupling negotiating agents to explore the space of negotiation strategies},
	author={Baarslag, Tim and Hindriks, Koen and Hendrikx, Mark and Dirkzwager, Alexander and Jonker, Catholijn},
	booktitle={Novel Insights in Agent-based Complex Automated Negotiation},
	pages={61--83},
	year={2014},
	publisher={Springer}
}

@book{lewicki2011essentials,
	title={Essentials of negotiation},
	author={Lewicki, Roy J and Saunders, David M and Minton, John W and Roy, J and Lewicki, Negotiation},
	year={2011},
	publisher={McGraw-Hill/Irwin Boston, MA}
}

@inproceedings{wollkind2004automated,
	title={Automated conflict resolution for air traffic management using cooperative multiagent negotiation},
	author={Wollkind, Steve and Valasek, John and Ioerger, Thomas},
	booktitle={AIAA Guidance, Navigation, and Control Conference and Exhibit},
	pages={4992},
	year={2004}
}

@article{legrascooperation,
	title={Coop{\'e}ration d’Agents et Syst{\`e}mes d’Information Syst{\`e}mes d’Information Coop{\'e}ratifs},
	author={Legras, Fran{\c{c}}ois}
}

@article{jennings1995controlling,
	title={Controlling cooperative problem solving in industrial multi-agent systems using joint intentions},
	author={Jennings, Nicholas R},
	journal={Artificial intelligence},
	volume={75},
	number={2},
	pages={195--240},
	year={1995},
	publisher={Elsevier}
}

@book{ferber1997systemes,
	title={Les syst{\`e}mes multi-agents: vers une intelligence collective},
	author={Ferber, Jacques},
	year={1997},
	publisher={InterEditions}
}

@book{weiss1999multiagent,
	title={Multiagent systems: a modern approach to distributed artificial intelligence},
	author={Weiss, Gerhard},
	year={1999},
	publisher={MIT press}
}

@article{blanquet2007web,
	title={Web collaboratif, web coop{\'e}ratif, web 2.0.: quelles interrogations pour l’enseignant documentaliste},
	author={Blanquet, Marie-France},
	journal={Formation des personnes ressources en documentation},
	year={2007}
}

@inproceedings{zlotkin1989negotiation,
	title={Negotiation and Task Sharing Among Autonomous Agents in Cooperative Domains.},
	author={Zlotkin, Gilad and Rosenschein, Jeffrey S},
	booktitle={IJCAI},
	volume={89},
	pages={20--25},
	year={1989}
}

@article{lucien2016multiagent,
	title={Multiagent Hybrid Architecture for Collaborative Exchanges between Communicating Vehicles in an Urban Context},
	author={Lucien, Laurent and Lang, Christophe and Marilleau, Nicolas and Philippe, Laurent},
	journal={Procedia Computer Science},
	volume={83},
	pages={695--699},
	year={2016},
	publisher={Elsevier}
}

@inproceedings{boutilier2002cooperative,
	title={Cooperative negotiation in autonomic systems using incremental utility elicitation},
	author={Boutilier, Craig and Das, Rajarshi and Kephart, Jeffrey O and Tesauro, Gerald and Walsh, William E},
	booktitle={Proceedings of the Nineteenth conference on Uncertainty in Artificial Intelligence},
	pages={89--97},
	year={2002},
	organization={Morgan Kaufmann Publishers Inc.}
}
@book{borodin2005online,
	title={Online computation and competitive analysis},
	author={Borodin, Allan and El-Yaniv, Ran},
	year={2005},
	publisher={cambridge university press}
}

@article{jin2010study,
	title={A study of argumentation-based negotiation in collaborative design},
	author={Jin, Yan and Geslin, Mathieu},
	journal={AI EDAM},
	volume={24},
	number={1},
	pages={35--48},
	year={2010},
	publisher={Cambridge University Press}
}

@article{jin2009argumentation,
	title={Argumentation-based negotiation for collaborative engineering design},
	author={Jin, Yan and Geslin, Mathieu},
	journal={International Journal of Collaborative Engineering},
	volume={1},
	number={1-2},
	pages={125--151},
	year={2009},
	publisher={Inderscience Publishers}
}

@article{jiao2006agent,
	title={An agent-based framework for collaborative negotiation in the global manufacturing supply chain network},
	author={Jiao, Jianxin Roger and You, Xiao and Kumar, Arun},
	journal={Robotics and Computer-Integrated Manufacturing},
	volume={22},
	number={3},
	pages={239--255},
	year={2006},
	publisher={Elsevier}
}

@inproceedings{hindriks2008creating,
	title={Creating human-machine synergy in negotiation support systems: Towards the pocket negotiator},
	author={Hindriks, Koen V and Jonker, Catholijn M},
	booktitle={Proceedings of the 1st International Working Conference on Human Factors and Computational Models in Negotiation},
	pages={47--54},
	year={2008},
	organization={ACM}
}

@inproceedings{pommeranz2009design,
	title={Design guidelines for negotiation support systems: An expert perspective using scenarios},
	author={Pommeranz, Alina and Brinkman, Willem-Paul and Wiggers, Pascal and Broekens, Joost and Jonker, Catholijn M},
	booktitle={European Conference on Cognitive Ergonomics: Designing beyond the Product---Understanding Activity and User Experience in Ubiquitous Environments},
	pages={27},
	year={2009},
	organization={VTT Technical Research Centre of Finland}
}

@article{kraus1995designing,
	title={Designing and building a negotiating automated agent},
	author={Kraus, Sarit and Lehmann, Daniel},
	journal={Computational Intelligence},
	volume={11},
	number={1},
	pages={132--171},
	year={1995},
	publisher={Wiley Online Library}
}

@article{dehghani2014interpersonal,
	title={Interpersonal effects of expressed anger and sorrow in morally charged negotiation},
	author={Dehghani, Morteza and Carnevale, Peter J and Gratch, Jonathan},
	journal={Judgment and Decision Making},
	volume={9},
	number={2},
	pages={104},
	year={2014},
	publisher={Society for Judgment \& Decision Making}
}

@inproceedings{broekens2012virtual,
	title={Virtual reality negotiation training increases negotiation knowledge and skill},
	author={Broekens, Joost and Harbers, Maaike and Brinkman, Willem-Paul and Jonker, Catholijn M and Van den Bosch, Karel and Meyer, John-Jules},
	booktitle={International Conference on Intelligent Virtual Agents},
	pages={218--230},
	year={2012},
	organization={Springer}
}

@inproceedings{gratch2016benefits,
	title={The benefits of virtual humans for teaching negotiation},
	author={Gratch, Jonathan and DeVault, David and Lucas, Gale},
	booktitle={International Conference on Intelligent Virtual Agents},
	pages={283--294},
	year={2016},
	organization={Springer}
}

@inproceedings{gratch2016misrepresentation,
	title={The Misrepresentation Game: How to win at negotiation while seeming like a nice guy},
	author={Gratch, Jonathan and Nazari, Zahra and Johnson, Emmanuel},
	booktitle={Proceedings of the 2016 International Conference on Autonomous Agents \& Multiagent Systems},
	pages={728--737},
	year={2016},
	organization={International Foundation for Autonomous Agents and Multiagent Systems}
}

@inproceedings{bruijnes2013affective,
	title={Affective conversational models: interpersonal stance in a police interview context},
	author={Bruijnes, Merijn},
	booktitle={Affective Computing and Intelligent Interaction (ACII), 2013 Humaine Association Conference on},
	pages={624--629},
	year={2013},
	organization={IEEE}
}

@inproceedings{kipp2008igaze,
	title={IGaze: Studying reactive gaze behavior in semi-immersive human-avatar interactions},
	author={Kipp, Michael and Gebhard, Patrick},
	booktitle={International Workshop on Intelligent Virtual Agents},
	pages={191--199},
	year={2008},
	organization={Springer}
}

@inproceedings{lance2007emotionally,
	title={Emotionally expressive head and body movement during gaze shifts},
	author={Lance, Brent and Marsella, Stacy C},
	booktitle={International Workshop on Intelligent Virtual Agents},
	pages={72--85},
	year={2007},
	organization={Springer}
}

@inproceedings{strassmann2016effect,
	title={The effect of an intelligent virtual agent’s nonverbal behavior with regard to dominance and cooperativity},
	author={Stra{\ss}mann, Carolin and von der P{\"u}tten, Astrid Rosenthal and Yaghoubzadeh, Ramin and Kaminski, Raffael and Kr{\"a}mer, Nicole},
	booktitle={International Conference on Intelligent Virtual Agents},
	pages={15--28},
	year={2016},
	organization={Springer}
}

@inproceedings{ravenet2013user,
	title={From a user-created corpus of virtual agent’s non-verbal behavior to a computational model of interpersonal attitudes},
	author={Ravenet, Brian and Ochs, Magalie and Pelachaud, Catherine},
	booktitle={International workshop on intelligent virtual agents},
	pages={263--274},
	year={2013},
	organization={Springer}
}
@book{leary2004interpersonal,
	title={Interpersonal diagnosis of personality: A functional theory and methodology for personality evaluation},
	author={Leary, Timothy},
	year={2004},
	publisher={Wipf and Stock Publishers}
}

@book{leary2004interpersonal,
	title={Interpersonal diagnosis of personality: A functional theory and methodology for personality evaluation},
	author={Leary, Timothy},
	year={2004},
	publisher={Wipf and Stock Publishers}
}
@inproceedings{bee2009relations,
	title={Relations between facial display, eye gaze and head tilt: Dominance perception variations of virtual agents},
	author={Bee, Nikolaus and Franke, Stefan and Andre{\'e}, Elisabeth},
	booktitle={Affective Computing and Intelligent Interaction and Workshops, 2009. ACII 2009. 3rd International Conference on},
	pages={1--7},
	year={2009},
	organization={IEEE}
}

@incollection{baarslag2012first,
	title={The first automated negotiating agents competition (ANAC 2010)},
	author={Baarslag, Tim and Hindriks, Koen and Jonker, Catholijn and Kraus, Sarit and Lin, Raz},
	booktitle={New Trends in agent-based complex automated negotiations},
	pages={113--135},
	year={2012},
	publisher={Springer}
}

@incollection{fujita2013second,
	title={The second automated negotiating agents competition (ANAC2011)},
	author={Fujita, Katsuhide and Ito, Takayuki and Baarslag, Tim and Hindriks, Koen and Jonker, Catholijn and Kraus, Sarit and Lin, Raz},
	booktitle={Complex Automated Negotiations: Theories, Models, and Software Competitions},
	pages={183--197},
	year={2013},
	publisher={Springer}
}

@inproceedings{kawaguchi2011compromising,
	title={Compromising strategy based on estimated maximum utility for automated negotiation agents competition (ANAC-10)},
	author={Kawaguchi, Shogo and Fujita, Katsuhide and Ito, Takayuki},
	booktitle={International Conference on Industrial, Engineering and Other Applications of Applied Intelligent Systems},
	pages={501--510},
	year={2011},
	organization={Springer}
}

@inproceedings{williams2011using,
	title={Using gaussian processes to optimise concession in complex negotiations against unknown opponents},
	author={Williams, Colin R and Robu, Valentin and Gerding, Enrico H and Jennings, Nicholas R},
	booktitle={IJCAI Proceedings-International Joint Conference on Artificial Intelligence},
	volume={22},
	number={1},
	pages={432},
	year={2011}
}

@incollection{frieder2013value,
	title={Value model agent: A novel preference profiler for negotiation with agents},
	author={Frieder, Asaf and Miller, Gal},
	booktitle={Complex Automated Negotiations: Theories, Models, and Software Competitions},
	pages={199--203},
	year={2013},
	publisher={Springer}
}

@inproceedings{hindriks2008opponent,
	title={Opponent modelling in automated multi-issue negotiation using bayesian learning},
	author={Hindriks, Koen and Tykhonov, Dmytro},
	booktitle={Proceedings of the 7th international joint conference on Autonomous agents and multiagent systems-Volume 1},
	pages={331--338},
	year={2008},
	organization={International Foundation for Autonomous Agents and Multiagent Systems}
}

@article{dryer1997opposites,
	title={When do opposites attract? Interpersonal complementarity versus similarity.},
	author={Dryer, D Christopher and Horowitz, Leonard M},
	journal={Journal of personality and social psychology},
	volume={72},
	number={3},
	pages={592},
	year={1997},
	publisher={American Psychological Association}
}

@article{harbers2012modeling,
	title={Modeling agents with a theory of mind: Theory--theory versus simulation theory},
	author={Harbers, Maaike and Van den Bosch, Karel and Meyer, John-Jules},
	journal={Web Intelligence and Agent Systems: An International Journal},
	volume={10},
	number={3},
	pages={331--343},
	year={2012},
	publisher={IOS Press}
}

@article{carruthers1996simulation,
	title={Simulation and self-knowledge: a defence of theory-theory},
	author={Carruthers, Peter},
	journal={Theories of theories of mind},
	pages={22--38},
	year={1996},
	publisher={Cambridge University Press, Cambridge, MA}
}

@article{shanton2010simulation,
	title={Simulation theory},
	author={Shanton, Karen and Goldman, Alvin},
	journal={Wiley Interdisciplinary Reviews: Cognitive Science},
	volume={1},
	number={4},
	pages={527--538},
	year={2010},
	publisher={Wiley Online Library}
}

@inproceedings{harbers2009modeling,
	title={Modeling agents with a theory of mind},
	author={Harbers, Maaike and Bosch, Karel van den and Meyer, John-Jules},
	booktitle={Proceedings of the 2009 IEEE/WIC/ACM International Joint Conference on Web Intelligence and Intelligent Agent Technology-Volume 02},
	pages={217--224},
	year={2009},
	organization={IEEE Computer Society}
}

@article{thompson2010negotiation,
	title={Negotiation},
	author={Thompson, Leigh L and Wang, Jiunwen and Gunia, Brian C},
	journal={Annual review of psychology},
	volume={61},
	pages={491--515},
	year={2010},
	publisher={Annual Reviews}
}

@article{wiggins1979psychological,
	title={A psychological taxonomy of trait-descriptive terms: The interpersonal domain.},
	author={Wiggins, Jerry S},
	journal={Journal of personality and social psychology},
	volume={37},
	number={3},
	pages={395},
	year={1979},
	publisher={American Psychological Association}
}

@article{kiesler19831982,
	title={The 1982 interpersonal circle: A taxonomy for complementarity in human transactions.},
	author={Kiesler, Donald J},
	journal={Psychological review},
	volume={90},
	number={3},
	pages={185},
	year={1983},
	publisher={American Psychological Association}
}

@inproceedings{youssef2015towards,
	title={Towards a socially adaptive virtual agent},
	author={Youssef, Atef Ben and Chollet, Mathieu and Jones, Haza{\"e}l and Sabouret, Nicolas and Pelachaud, Catherine and Ochs, Magalie},
	booktitle={International Conference on Intelligent Virtual Agents},
	pages={3--16},
	year={2015},
	organization={Springer}
}

@book{greco2016multiple,
	title={Multiple criteria decision analysis},
	author={Greco, Salvatore and Figueira, J and Ehrgott, M},
	year={2016},
	publisher={Springer}
}
@article{utgoff1989incremental,
	title={Incremental induction of decision trees},
	author={Utgoff, Paul E},
	journal={Machine learning},
	volume={4},
	number={2},
	pages={161--186},
	year={1989},
	publisher={Springer}
}

@article{byom2013theory,
	title={Theory of mind: Mechanisms, methods, and new directions},
	author={Byom, Lindsey Jacquelyn and Mutlu, Bilge},
	journal={Frontiers in human neuroscience},
	volume={7},
	pages={413},
	year={2013},
	publisher={Frontiers}
}
@misc{whiten1991natural,
	title={Natural theories of mind},
	author={Whiten, Andrew},
	year={1991},
	publisher={Oxford: Basil Blackwell}
}

@inproceedings{ring2013addressing,
	title={Addressing loneliness and isolation in older adults: Proactive affective agents provide better support},
	author={Ring, Lazlo and Barry, Barbara and Totzke, Kathleen and Bickmore, Timothy},
	booktitle={Affective Computing and Intelligent Interaction (ACII), 2013 Humaine Association Conference on},
	pages={61--66},
	year={2013},
	organization={IEEE}
}

@inproceedings{kenny2007virtual,
	title={Virtual patients for clinical therapist skills training},
	author={Kenny, Patrick and Parsons, Thomas D and Gratch, Jonathan and Leuski, Anton and Rizzo, Albert A},
	booktitle={International Workshop on Intelligent Virtual Agents},
	pages={197--210},
	year={2007},
	organization={Springer}
}

@incollection{kleinheksel2017virtual,
	title={Virtual Patients in Health Professions Education},
	author={Kleinheksel, AJ},
	booktitle={Advancing Medical Education Through Strategic Instructional Design},
	pages={245--261},
	year={2017},
	publisher={IGI Global}
}
@inproceedings{sidner2013always,
	title={An always-on companion for isolated older adults},
	author={Sidner, Candace and Bickmore, Timothy and Rich, Charles and Barry, Barbara and Ring, Lazlo and Behrooz, Morteza and Shayganfar, Mohammad},
	booktitle={14th Annual SIGdial meeting on discourse and dialogue},
	year={2013}
}

@article{kerly2008calmsystem,
	title={CALMsystem: a conversational agent for learner modelling},
	author={Kerly, Alice and Ellis, Richard and Bull, Susan},
	journal={Knowledge-Based Systems},
	volume={21},
	number={3},
	pages={238--246},
	year={2008},
	publisher={Elsevier}
}
@incollection{kerry2009conversational,
	title={Conversational agents in E-Learning},
	author={Kerry, Alice and Ellis, Richard and Bull, Susan},
	booktitle={Applications and innovations in intelligent systems XVI},
	pages={169--182},
	year={2009},
	publisher={Springer}
}

@inproceedings{hayashi2013embodied,
	title={Embodied conversational agents as peer collaborators: Effects of multiplicity and modality},
	author={Hayashi, Yugo and Ono, Koya},
	booktitle={RO-MAN, 2013 IEEE},
	pages={120--125},
	year={2013},
	organization={IEEE}
}

@inproceedings{soliman2010intelligent,
	title={Intelligent pedagogical agents in immersive virtual learning environments: A review},
	author={Soliman, M and Guetl, Christian},
	booktitle={MIPRO, 2010 proceedings of the 33rd international convention},
	pages={827--832},
	year={2010},
	organization={IEEE}
}
@article{oliva2010argumentation,
	title={Argumentation and artifacts for negotiation support},
	author={Oliva, Enrico and McBurney, Peter and Omicini, Andrea and Viroli, Mirko},
	year={2010}
}

@inproceedings{dillenbourg1996negotiation,
	title={Negotiation spaces in human-computer collaborative learning},
	author={Dillenbourg, Pierre and Baker, Michael},
	booktitle={Proceedings of the International Conference on Cooperative Systems},
	pages={12--14},
	year={1996}
}

@inproceedings{toni2010argumentative,
	title={Argumentative agents},
	author={Toni, Francesca},
	booktitle={Computer Science and Information Technology (IMCSIT), Proceedings of the 2010 International Multiconference on},
	pages={223--229},
	year={2010},
	organization={IEEE}
}

@phdthesis{faur2016approche,
	title={Approche computationnelle du regulatory focus pour des agents interactifs: un pas vers une personnalit{\'e} artificielle},
	author={Faur, Caroline},
	year={2016},
	school={Universit{\'e} Paris-Saclay}
}

@book{dietler2010feasts,
	title={Feasts: archaeological and ethnographic pespectives on food, politics, and power},
	author={Dietler, Michael and Hayden, Brian},
	year={2010},
	publisher={University of Alabama Press}
}