@article{rich2009building,
  title={Building task-based user interfaces with ANSI/CEA-2018},
  author={Rich, Charles},
  journal={Computer},
  volume={42},
  number={8},
  pages={20--27},
  year={2009},
  publisher={IEEE Computer Society}
}