@String( Submitted = {Submitted})
@String( Readings  = {C. Rich and R. C. Waters, editors, {\em
		   Readings in Artificial Intelligence and Software
		   Engineering}, Morgan Kaufmann, San Mateo, CA, 1986})
@String( InReadings		={Reprinted in }#Readings)

@Comment( Seasons )

@String( aut	     ={Autumn})
@String( fal	     ={Fall})
@String( spr	     ={spring})
@String( sum	     ={Summer})
@String( win	     ={Winter})

@Comment (Schools}

@String( WPI    = {Worcester Polytechnic Institute})

@Comment( Publishers )

@String( AAAI		={AAAI Press})
@String( AAAI:ADR	={Menlo Park, CA})
@String( AP		={Academic Press})
@String( AP:ADR	={Boston, MA})
@String( AW		={Addison-Wesley})
@String( AW:ADR	={Reading, MA})
@String( BASIC		={Basic Books})
@String( BASIC:ADR	={New York, NY})
@String( DG		={DeGruyter})
@String( DP		={Digital Press})
@String( DP:ADR	={Burlington, MA})
@String( EUP		={Edinburgh Univ. Press})
@String( EUP:ADR	={Scotland})
@String( IEEEP		={IEEE Computer Society Press})
@String( IEEEP:ADR	={Los Alamitos, CA})
@String( JW		={John Wiley \& Sons})
@String( JW:ADR	={New York, NY})
@String( KLUWER = {Kluwer} )
@String( LE		={Lawrence Erlbaum Assoc.})
@String( LE:ADR	={Hillsdale, NJ})
@String( MH		={McGraw-Hill})
@String( MH:ADR	={New York, NY})
@String( MITP	={MIT Press})
@String( MITP:ADR	={Cambridge, MA})
@String( MK 		={Morgan Kaufmann})
@String( MK:ADR	={San Francisco, CA})
@String( MM		={Macmillan})
@String( MM:ADR	={New York, NY})
@String( NH		={North-Holland})
@String( NH:ADR	={Amsterdam})
@String( OX		={Oxford U. Press})
@String( OX:ADR	={New York, NY})
@String( PH		={Prentice Hall})
@String( PH:ADR	={Englewood Cliffs, NJ})
@String( PP		={Pergamon Press})
@String( SS		={Simon and Schuster})
@String( SS:ADR	={New York, NY})
@String( SV		={Springer-Verlag})
@String( SV:ADR	={New York, NY})
@String( TG		={Tioga})
@String( TG:ADR	={Palo Alto, CA})
@String( VNR		={Van Nostrand Reinhold})
@String( VNR:ADR	={New York, NY})

@Comment(IEEE Publications)

@String( IT	     ={IEEE Trans. Information Theory})
@String( PAMI	     ={IEEE Trans. Pattern Analysis and Machine Intelligence})
@String( KDE	     ={IEEE Trans. Knowledge and Data Engineering})
@String( SMC         ={IEEE Trans. Systems, Man and Cybernetics})
@String( TC	     ={IEEE Trans. Computers})
@String( TSE	     ={IEEE Trans. Software Engineering})
@String( Software    ={IEEE Software})
@String( Expert      ={IEEE Expert})
@String( IntelligentSystems ={IEEE Inteligent Systems})
@String( Computer    ={IEEE Computer})
@String( Spectrum    ={IEEE Spectrum})
@String( Multimedia    ={IEEE MultiMedia})
@String( IEEE	     ={Proc. IEEE})


@Comment(ACM Publications)

@String( CACM    ={Comm. ACM})
@String( JACM    ={J. ACM})
@String( SIGART  ={ACM SIGART Bulletin})
@String( SIGCHI  ={ACM SIGCHI Bulletin})
@String( SIGIR   ={ACM SIGIR Notices})
@String( SIGMOD  ={ACM SIGMOD Record})
@String( SIGPLAN ={ACM SIGPLAN Notices})
@String( SIGSOFT ={ACM SIGSOFT Software Engineering Notes})
@String( SURVEYS ={ACM Computing Surveys})
@String( TODS	 ={ACM Trans. Database Systems})
@String( TOMS	 ={ACM Trans. Mathematical Software})
@String( TOPLAS  ={ACM Trans. Programming Languages and Systems})
@String( TOCHI   ={ACM Trans. on Computer Human Interaction})

@Comment(Other Journals & Publications)

@String( AAMAS   ={Autonomous Agents and Multi-Agent Systems})
@String( ACTA    ={Acta Informatica})
@String( AI      ={AI Magazine})
@String( AIJ	 ={Artificial Intelligence})
@String( AAI	 ={Applied Artificial Intelligence})
@String( JAIR	 ={J. of Artificial Intelligence Research})
@String( AIR	 ={Artificial Intelligence Review})
@String( AMM	 ={The American Mathematical Monthly})
@string( ARCS    ={Annual Review of Computer Science})
@String( CBT	 ={Cognition and Brain Theory})
@String( CGIP	 ={Computer Graphics and Image Processing})
@String( CLang	 ={Computer Languages})
@String( CompIntell ={Computational Intelligence})
@String( CompLing   ={Computational Linguistics})
@String( CM	 ={Int. J. Computer Mathematics})
@String( COG	 ={Cognition})
@String( COGSCI	 ={Cognitive Science})
@String( CSS	 ={J. Computation and Systems Sciences})
@String( DATA	 ={Datamation})
@String( DKE={Data and Knowledge Engineering})
@String( ES	 ={Expert Systems})
@String( GRAPHICS ={Computer Graphics})
@String( HCI	 ={Human-Computer Interaction})
@String( IBMJRD  ={IBM J. Research \& Development})
@String( IBMSJ	 ={IBM Systems J.})
@String( INT	 ={interactions})
@String( IC	 ={Information and Control})
@String( IP      ={Information Processing})
@String( IPL	 ={Information Processing Letters})
@String( IS	 ={Information Systems})
@String( ISJ	 ={Information Sciences J.})
@String( IJSR    ={Int. J. of Social Robotics}),
@String( JAR	 ={J. Automated Reasoning})
@String( JHRI	 ={J. Human-Robot Interaction})
@String( JRA = {{IEEE} J. of Robotics and Automation})
@String( JSC  ={J. Symbolic Computation}),
@String( KBS  ={Knowledge-Based Systems}),
@String( MACHL	 ={Machine Learning})
@String( MMS     ={Int. J. Man-Machine Studies})
@String( MC = {Memory and Cognition})
@String( PRESENCE = {Presence: Teleoperators and Virtual Environments})
@String( RAS = {Robotics and Autonomous Systems})
@String( ROYALB = {Phil. Trans. Royal Soc. London {\rm B}})
@String( SA	 ={Scientific American})
@String( SCP	 ={Science of Computer Programming})
@String( SCIENCE ={Science})
@String( SIAM    ={SIAM J. Computing})
@String( SPE	 ={Software Practice and Experience})
@String( TCS  ={Theoretical Computer Science})
@String( UMUAI  ={User Modeling and User-Adapted Interaction})
@String( VCA  ={J. of Visualization and Computer Animation})

@Comment(Regular Conferences)


@String( AAAI80		={Proc. 1st National Conf. on Artifical Intelligence})
@String( AAAI80:ADR	={Stanford, CA})

@String( AAAI82		={Proc. 2nd National Conf. on Artificial Intelligence})
@String( AAAI82:ADR	={Pittsburgh, PA})

@String( AAAI83		={Proc. 3rd National Conf. on Artificial Intelligence})
@String( AAAI83:ADR     ={Washington, DC})

@String( AAAI84		={Proc. 4th National Conf. on Artificial Intelligence})
@String( AAAI84:ADR	={Austin, TX})

@String( AAAI86		={Proc. 5th National Conf. on Artificial Intelligence})
@String( AAAI86:ADR	={Philadelphia, PA})

@String( AAAI87		={Proc. 6th National Conf. on Artificial Intelligence})
@String( AAAI87:ADR	={Seattle, WN})

@String( AAAI88		={Proc. 7th National Conf. on Artificial Intelligence})
@String( AAAI88:ADR	={St. Paul, MN})

@String( AAAI90		={Proc. 8th National Conf. on Artificial Intelligence})
@String( AAAI90:ADR	={Boston, MA})

@String( AAAI92		={Proc. 10th National Conf. on Artificial Intelligence})
@String( AAAI92:ADR	={San Jose, CA})

@String( AAAI93		={Proc. 11th National Conf. on Artificial Intelligence})
@String( AAAI93:ADR	={Washington, DC})

@String( AAAI94		={Proc. 12th National Conf. on Artificial Intelligence})
@String( AAAI94:ADR	={Seattle, WA})

@String( AAAI96		={Proc. 13th National Conf. on Artificial Intelligence})
@String( AAAI96:ADR	={Portland, OR})

@String( AAAI05		={Proc. 20th National Conf. on Artificial Intelligence})
@String( AAAI05:ADR	={Pittsburg, PA})

@String( AAAI06		={Proc. 21st National Conf. on Artificial Intelligence})
@String( AAAI06:ADR	={Boston, MA})

@String( AAAI07		={Proc. 22nd National Conf. on Artificial Intelligence})
@String( AAAI07:ADR	={Vancouver, Canada})

@String( AIED01		={Proc. 10th Int. Conf. on Artificial Intelligence in Education})
@String( AIED01:ADR	={San Antonio, TX})

@String( CAIA84      ={Proc. 1st IEEE Conf. AI Applications})
@String( CAI84:ADR   ={Denver, CO})

@String( CAIA90         ={Proc. 6th IEEE Conf. AI Applications})
@String( CAIA90:ADR     ={Santa Barbara, CA})

@String( AA97		={Proc. 1st Int. Conf. on Autonomous Agents})
@String( AA97:ADR	={Marina del Rey, CA})

@String( AAMAS02	={Proc. 1st Int. J. Conf. on Autonomous Agents and Multiagent Systems})
@String( AAMAS02:ADR	={Bologna, Italy})

@String( AAMAS03	={Proc. 2nd Int. J. Conf. on Autonomous Agents and Multiagent Systems})
@String( AAMAS03:ADR	={Sydney, Australia})

@String( AAMAS04	={Proc. 3st Int. J. Conf. on Autonomous Agents and Multiagent Systems})
@String( AAMAS04:ADR	={New York, NY})

@String( AAMAS13	={Proc. 12th Int. J. Conf. on Autonomous Agents and Multiagent Systems})
@String( AAMAS13:ADR	={St. Paul, MN})

@String( AIIDE05	={Proc. 1st AAAI Artificial Intelligence and Interactive Digital Entertainment Conf.})
@String( AIIDE05:ADR	={Marina del Rey, CA})

@String( AIIDE10	={Proc. 6th AAAI Artificial Intelligence and Interactive Digital Entertainment Conf.})
@String( AIIDE10:ADR	={Palo Alto, CA})

@String( AIIDE11	={Proc. 7th AAAI Artificial Intelligence and Interactive Digital Entertainment Conf.})
@String( AIIDE11:ADR	={Palo Alto, CA})

@String( AIPS94		={Proc. 2nd Int. Conf. on AI Planning Systems})
@String( AIPS94:ADR	={Chicago, IL})

@String( ACL83		={Proc. 21st Annual Meeting of the Assoc. for Computational Linguistics})
@String( ACL83:ADR	={Cambridge, MA})

@String( ACL85		={Proc. 23rd Annual Meeting of the Assoc. for Computational Linguistics})
@String( ACL85:ADR	={Chicago, IL})

@String( ACL90		={Proc. 28th Annual Meeting of the Assoc. for Computational Linguistics})
@String( ACL90:ADR	={Pittsburgh, PA})

@String( ACL91		={Proc. 29th Annual Meeting of the Assoc. for Computational Linguistics})
@String( ACL91:ADR	={Berkeley, CA})

@String( ACL95		={Proc. 33rd Annual Meeting of the Assoc. for Computational Linguistics})
@String( ACL95:ADR	={Cambridge, MA})

@String( ACL96		={Proc. 34th Annual Meeting of the Assoc. for Computational Linguistics})
@String( ACL96:ADR	={Santa Cruz, CA})

@String( ACL01		={Proc. 39th Annual Meeting of the Assoc. for Computational Linguistics})
@String( ACL01:ADR	={Toulouse, France})

@String( COLING92 	={Proc. 14th Int. Conf. on Computational Linguistics})

@String( ACM77		={Proc. Assoc. for Computing Machinery})

@String( ACMSIG78	={Proc. ACM-SIGNUM Conf. on the Programming
				Environments for Dev. of Numerical Software})

@String( AD79		={Proc. 4th Int. Conf. on Automated Deduction})
@String( AD80		={Proc. 5th Int. Conf. on Automated Deduction})
@String( AD84		={Proc. 7th Int. Conf. on Automated Deduction})

@String( APE86={Int. Workshop on Advanced Programming Environments})
@String( APE86:ADR={Trondheim, Norway})

@String( AIPL77		={Proc. Symp. on A.I. and Programming Languages})
@String( AIPL77:ADR	={Rochester, NY})

@String( AISB74		={Proc. Conf. on A.I. and Simulation of Behavior})
@String( AISB74:ADR	={Univ. of Sussex, England})

@String( ANIM91		={Proc. Conf. on Computer Animation})
@String( ANIM91:ADR	={Geneva, Switzerland})

@String( APL79		={Proc. 1979 APL Conf.})
@String( APL79:ADR	={Rochester, NY})

@String( CHI89		={Proc. ACM SIGCHI Conference on Human
			     Factors in Computing Systems})
@String( CHI89:ADR	={Austin, TX})

@String( CHI91		={Proc. ACM SIGCHI Conference on Human
			     Factors in Computing Systems})
@String( CHI91:ADR	={New Orleans, LA})

@String( CHI94		={Proc. ACM SIGCHI Conference on Human
			     Factors in Computing Systems})
@String( CHI94:ADR	={Boston, MA})

@String( CHI95		={Proc. ACM SIGCHI Conference on Human
			     Factors in Computing Systems})
@String( CHI95:ADR	={Denver, CO})

@String( CHI		={Proc. ACM Conf. on Computer Human Interaction})
@String( CHI:ABS	={Proc. ACM Conf. on Computer Human Interaction,
			  Extended Abstracts})

@String( CHI99:ADR	={Pittsburgh, PA})
@String( CHI00:ADR	={The Hague, The Netherlands})
@String( CHI01:ADR	={Seattle, WA})

@String( COMPSAC82	={Proc. 6th Int. Conf. Comp. Software and Applications})
@String( COMPSAC82:ADR  ={Chicago, IL})

@String( CSCW92		={Proc. Conf. on Computer-Supported Cooperative Work})
@String( CSCW92:ADR	={Toronto, Canada})

@String( HRI06		={Proc. ACM Conf. on Human-Robot Interaction})
@String( HRI06:ADR	={Salt Lake City, UT})

@String( HRI07		={Proc. ACM Conf. on Human-Robot Interaction})
@String( HRI07:ADR	={Arlington, VA})

@String( HRI09		={Proc. ACM Conf. on Human-Robot Interaction})
@String( HRI09:ADR	={San Diego, CA})

@String( HRI10		={Proc. ACM Conf. on Human-Robot Interaction})
@String( HRI10:ADR	={Osaka, Japan})

@String( HRI11		={Proc. ACM Conf. on Human-Robot Interaction})
@String( HRI11:ADR	={Lausanne, Switzerland})

@String( HRI12		={Proc. ACM Conf. on Human-Robot Interaction})
@String( HRI12:ADR	={Boston, MA})

@String( HRI14		={Proc. ACM Conf. on Human-Robot Interaction})
@String( HRI14:ADR	={Bielefeld, Germany})

@String( IROS95		={Proc. IEEE Int. Conf. on Intelligent Robots and Systems})
@String( IROS95:ADR	={Pittsburgh, PA})

@String( IROS05		={Proc. IEEE Int. Conf. on Intelligent Robots and Systems})
@String( IROS05:ADR	={Edmonton, Canada})

@String( IROS06		={Proc. IEEE Int. Conf. on Intelligent Robots and Systems})
@String( IROS06:ADR	={Bejing, China})

@String( IROS11		={Proc. IEEE Int. Conf. on Intelligent Robots and Systems})
@String( IROS11:ADR	={San Francisco, CA})

@String( IROS12		={Proc. IEEE Int. Conf. on Intelligent Robots and Systems})
@String( IROS12:ADR	={Vilamoura, Portugal})

@String( ICRA01		={Proc. IEEE Int. Conf. on Robotics and Automation})
@String( ICRA01:ADR	={Seoul, Korea})

@String( ICRA10		={Proc. IEEE Int. Conf. on Robotics and Automation})
@String( ICRA10:ADR	={Anchorage, AK})

@String( ICRA11		={Proc. IEEE Int. Conf. on Robotics and Automation})
@String( ICRA11:ADR	={Anchorage, AK})

@String( DATA80		={Workshop on Data Abstraction, Data Bases, and
				 Conceptual Modelling})
@String( DATA80:ADR	={Pingree Park, CO})

@String( ECAI86		={7th European Conf. on Artificial Intelligence})
@String( ECAI86:ADR	={Brighton Centre, England})

@String( FLAIRS04	={17th Int. Florida Artificial Intelligence Research Symp.})
@String( FLAIRS04:ADR	={Miami, FL})

@String( IFIPS71	={Int. Fed. of Info. Processing Societies})
@String( IFIPS71:ADR	={Ljubljana, Yugoslavia})	

@String( IJCAI69	={Proc. 1st Int. Joint Conf. Artificial Intelligence})
@String( IJCAI69:ADR    ={Washington, D.C.})

@String( IJCAI71	={Proc. 2nd Int. Joint Conf. Artificial Intelligence})
@String( IJCAI71:ADR	={London, England})

@String( IJCAI73	={Proc. 3rd Int. Joint Conf. Artificial Intelligence})
@String( IJCAI73:ADR	={Stanford, CA})

@String( IJCAI75	={Proc. 4th Int. Joint Conf. Artificial Intelligence})
@String( IJCAI75:ADR	={Tblisi, Georgia, USSR})

@String( IJCAI77	={Proc. 5th Int. Joint Conf. Artificial Intelligence})
@String( IJCAI77:ADR	={Cambridge, MA})

@String( IJCAI79	={Proc. 6th Int. Joint Conf. Artificial Intelligence})
@String( IJCAI79:ADR	={Tokyo, Japan})

@String( IJCAI81	={Proc. 7th Int. Joint Conf. Artificial Intelligence})
@String( IJCAI81:ADR	={Vancouver, British Columbia, Canada})

@String( IJCAI83	={Proc. 8th Int. Joint Conf. Artificial Intelligence})
@String( IJCAI83:ADR	={Karlsruhe, Germany})

@String( IJCAI85	={Proc. 9th Int. Joint Conf. Artificial Intelligence})
@String( IJCAI85:ADR	={Los Angeles, CA})

@String( IJCAI87	={Proc. 10th Int. Joint Conf. Artificial Intelligence})
@String( IJCAI87:ADR	={Milan, Italy})

@String( IJCAI89	={Proc. 11th Int. Joint Conf. Artificial Intelligence})
@String( IJCAI89:ADR	={Detroit, MI})

@String( IJCAI91	={Proc. 12th Int. Joint Conf. Artificial Intelligence})
@String( IJCAI91:ADR	={Sydney, Australia})

@String( IJCAI93	={Proc. 13th Int. Joint Conf. Artificial Intelligence})
@String( IJCAI93:ADR	={Chambery, France})

@String( IJCAI95	={Proc. 14th Int. Joint Conf. Artificial Intelligence})
@String( IJCAI95:ADR	={Montreal, Canada})

@String( IJCAI97	={Proc. 15th Int. Joint Conf. Artificial Intelligence})
@String( IJCAI97:ADR	={Los Angeles, CA})

@String( IUI97  	={Proc. ACM Int. Conf. on Intelligent User Interfaces})
@String( IUI97:ADR	={Orlando, FL})

@String( IUI98  	={Proc. ACM Int. Conf. on Intelligent User Interfaces})
@String( IUI98:ADR	={San Francisco, CA})

@String( IUI99  	={Proc. ACM Int. Conf. on Intelligent User Interfaces})
@String( IUI99:ADR	={Los Angeles, CA})

@String( IUI01  	={Proc. ACM Int. Conf. on Intelligent User Interfaces})
@String( IUI01:ADR	={Santa Fe, NM})

@String( IUI02  	={Proc. ACM Int. Conf. on Intelligent User Interfaces})
@String( IUI02:ADR	={San Francisco, CA})

@String( IUI04  	={Proc. ACM Int. Conf. on Intelligent User Interfaces})
@String( IUI04:ADR	={Madeira, Portugal})

@String( IUI06  	={Proc. ACM Int. Conf. on Intelligent User Interfaces})
@String( IUI06:ADR	={Sydney, Australia})

@String( IUI08  	={Proc. ACM Int. Conf. on Intelligent User Interfaces})
@String( IUI08:ADR	={Canary Islands, Spain})

@String( IUI13  	={Proc. ACM Int. Conf. on Intelligent User Interfaces})
@String( IUI13:ADR	={Santa Monica, CA})

@String( IVA12  	={Proc. Int. Conf. on Intelligent Virtual Agents})
@String( IVA12:ADR	={Santa Cruz, CA})

@String( IVA13  	={Proc. Int. Conf. on Intelligent Virtual Agents})
@String( IVA13:ADR	={Edinburgh, UK})

@String( KR89		={Proc. 1st Int. Conf. on Principles of Knowledge
			 Representation and Reasoning})
@String( KR89:          ={Toronto, Canada})

@String( LISP80		={Proc. Conf. on LISP})
@String( LISP80:ADR	={Stanford, CA})

@String( POPL77		={4th Annual ACM Symp. on Principles of Programming Languages})
@String( POPL77:ADR        ={Santa Monica, CA})
@String( POPL78		={5th Annual ACM Symp. on Principles of Programming Languages})

@String( POPL79		={6th Annual ACM Symp. on Principles of Programming Languages}) 

@String( POPL80		={7th Annual ACM Symp. on Principles of Programming Languages})
@String( POPL80:ADR	={Las Vegas, NV})

@String( POPL81		={8th Annual ACM Symp. on Principles of Programming Languages})

@String( POPL83		={10th Annual ACM Symp. on Principles of Programming Languages})
@String( POPL83:ADR	={Austin, TX})

@String( POPL84		={11th Annual ACM Symp. on Principles of Programming Languages})
@String( POPL84:ADR	={Salt Lake City, UT})

@String( POPL86		={13th Annual ACM Symp. on Principles of Programming Languages})
@String( POPL86:ADR	={St. Petersburg, FLA})

@String( POPL88		={15th Annual ACM Symp. on Principles of Programming Languages})
@String( POPL88:ADR	={San Diego, CA})

@String( FOCS76    		={Proc. 17th Annual IEEE Symp. on Foundations of
	       				Computer Science})
@String( FOCS76:ADR	={Houston, TX})

@String( REUSE		={Proc. ITT Workshop on Reusability in Programming})
@String( REUSE:ADR	={Newport, RI})

@String( RO-MAN11	={IEEE Int. Symp. on Robot and Human Interactive Communication})
@String( RO-MAN11:ADR	={Atlanta, GA})

@String( SE76		={2nd Int. Conf. on Software Engineering})
@String( SE76:ADR	={San Francisco, CA})

@String( SE78		={3rd Int. Conf. on Software Engineering})
@String( SE78:ADR	={Atlanta, GA})

@String( SE79		={4th Int. Conf. on Software Engineering})
@String( SE79:ADR	={Munich, Germany})

@String( SE81		={5th Int. Conf. on Software Engineering})
@String( SE81:ADR	={San Diego, CA})

@String( SE82		={6th Int. Conf. on Software Engineering})
@String( SE82:ADR	={Tokyo, Japan})

@String( SE84		={7th Int. Conf. on Software Engineering})
@String( SE84:ADR	={Orlando, FL})

@String( SE89		={11th Int. Conf. on Software Engineering})
@String( SE89:ADR  ={Pittsburgh, PA})

@String(SE91 		={13th Int. Conf. on Software Engineering})
@String(SE91:ADR	 ={Austin, TX})

@String( SRS78		={Proc. Specifications of Reliable Software})

@String( SRS79		={Proc. Specifications of Reliable Software})
@String( SRS79:ADR	={Cambridge, MA})

@String( SSD84		={Proc. 2nd Int. Workshop on Software Specifications and Design})
@String( SSD84:ADR	={Orlando, FL})

@String( SSD85		={Proc. 3rd Int. Workshop on Software Specifications and Design})
@String( SSD85:ADR	={London, England})

@String( SSD87		={Proc. 4th Int. Workshop on Software Specifications and Design})
@String( SSD87:ADR	={Monterey, CA})

@String( SSD89		={Proc. 5th Int. Workshop on Software Specifications and Design})
@String( SSD89:ADR	={Pittsburgh, PA})

@String( COGSCI92	={Proc. 14th Annual Conf. of the Cognitive Science Society})
@String( COGSCI92:ADR	={Bloomington, IN})

@String( COGSCI94	={Proc. 16th Annual Conf. of the Cognitive Science Society})
@String( COGSCI94:ADR	={Hillsdale, NJ})

@String( SIGGRAPH91	={Proc. SIGGRAPH '91, Computer Graphics, {\rm 25(4)}})
@String( SIGGRAPH91:ADR	={Las Vegas, NV})

@String( UIST92		={Proc. 5th ACM Symp. on User Interface Software
				and Technology})
@String( UIST92:ADR	={Monterey, CA})

@String( UIST94		={Proc. 7th ACM Symp. on User Interface Software
				and Technology})
@String( UIST94:ADR	={Marina del Rey, CA})

@String( UIST95		={Proc. 8th ACM Symp. on User Interface Software
				and Technology})
@String( UIST95:ADR	={Pittsburgh, PA})

@String( UIST96		={Proc. 9th ACM Symp. on User Interface Software
				and Technology})
@String( UIST96:ADR	={Seattle, WA})

@String( UM96		={Proc. 5th Int. Conf. on User Modelling})
@String( UM96:ADR	={Kailua-Kona, HI})

@String( UM97		={Proc. 6th Int. Conf. on User Modelling})
@String( UM97:ADR	={Sardinia, Italy})

@String( UM99		={Proc. 7th Int. Conf. on User Modelling})
@String( UM99:ADR	={Banff, Canada})

@String( UM01		={Proc. 9th Int. Conf. on User Modelling})
@String( UM01:ADR	={Sonthofen, Germany})

@String( VRAIS93	={Proc. IEEE 1993 Virtual Reality Annual Int. Symp.})
@String( VRAIS93:ADR	={Seattle, WA})

@Comment(Institutions)

@String( MERL		={Mitsubishi Electric Research Labs.})
@String( MERL:ADR	={Cambridge, MA})
@String( MIT	        ={Mass. Inst. of Technology})
@String( MITAI		={MIT Artificial Intelligence Lab.})
@String( MITCS		={MIT Center for Cognitive Science})
@String( MITEECS	={MIT Dept. of Elec. Eng. and Comp. Sci.})
@String( MITLCS		={MIT Lab. for Computer Science})
@String( MITLP		={MIT Department of Linguistics and Philosophy})
@String( ARGONNE	={Argonne National Lab.})
@String( BBN		={Bolt Beranek and Newman})
@String( BBNLABS	={BBN Laboratories})
@String( BELL		={AT\&T Bell Laboratories})
@String( BELLCOM	={Bell Communications Research})
@String( BROWN		={Brown Univ., Dept. of Lingustics,})
@String( BUCS		={Boston Univ., Computer Science Dept.})
@String( CMU		={Carnegie Mellon Univ.})
@String( CMUAI		={Carnegie Mellon Univ., Artificial Intelligence Lab})
@String( CMUCS		={Carnegie Mellon Univ., Computer Science Dept.})
@String( CORN		={Cornell Univ., Computer Science Dept.})
@String( CSAIL		={MIT Computer Sci. and Artificial Intelligence Lab})
@String( CSLI		={Ctr. for the Study of Language and Information,
				Stanford Univ.})
@String( EDINAI		={Univ. of Edinburgh, Dept. of Art. Int.})
@String( EDINCS		={Univ. of Edinburgh, Computer Science Dept.})
@String( HARVARD	={Harvard Univ., Ctr. for Res. in Computing Tech.})
@String( HELSINKI	={Univ. of Helsinki, Computer Science Dept.})
@String( HP		={Hewlett Packard Labs})
@String( IBMRC		={IBM T.J. Watson Research Center})
@String( ILU		={Univ. of Illinois at Urbana-Champaign, Dept.
			       of Computer Science})	
@String( ISI		={USC/Information Science Institute})
@String( MAL	        ={Univ. of MA at Amherst, Dept. of Linguistics})
@String( MPI		={Max-Planck Institut fur Biologische Kybernetik})
@String( MPIG		={Max-Planck-Gesellschaft, Nijmegen, Netherlands})
@String( NASA		={NASA, Nat'l Aeronautics and Space Administration})
@String( NYU		={New York Univ.})
@String( OSU      	={Ohio State Univ.})
@String( RADC		={Rome Air Development Center})
@String( SRI		={SRI International})
@String( SRI:ADR	={Menlo Park, CA})
@String( STAN		={Stanford Univ.})
@String( STANAI		={Stanford Univ., Artificial Intelligence Lab.})
@String( STANCS		={Stanford Univ., Computer Science Dept.})
@String( TOR		={Univ. of Toronto, EECS Dept.})
@String( TORCS		={Univ. of Toronto, Dept. of Computer Science})
@String( TORCSRI  	={Univ. of Toronto, Computer Systems Research Inst.,})
@String( UCB		={Univ. of Calif. at Berkeley, Computer Science Dept.})
@String( UCI		={Univ. of Calif. at Irvine, Computer Science Dept.})
@String( UCLA		={Univ. of Calif. at LA, Computer Science Dept.})
@String( UCLALD		={Univ. of Calif. at LA, Linguistics Dept.})
@String( UMACS		={Univ. of Mass. at Amherst, Computer Science Dept.})
@String( UMSDL		={Univ. of Mass. at Amherst, Dept. of Linguistics})
@String( UPENN		={Univ. of Pennsylvania, Dept. of Computer and Info. Sci.})
@String( UPDL		={Univ. of Pennsylvania, Dept. of Linguistics})
@String( USCLA		={Univ. of So. California, Los Angeles})
@String( UTA		={Univ. of Texas at Austin, Computer Sciences Dept.})
@String( UTACS		={Univ. of Texas at Austin, Ctr. for Cognitive Science})
@String( XEROX		={XEROX Palo Alto Research Ctr.,})
@String( WPI		={Worcester Polytechnic Institute})
@String( YALE		={Yale Univ., Computer Science Dept.})

@Comment(Types of Technical Reports)

@String( AB	        ={Abstract})
@String( BS		={Bachelor's thesis})
@String( BSProp		={Bachelor's proposal})
@String( CP	        ={Course Paper})
@String( DM		={Draft Manuscript})
@String( DRAFT		={Draft})
@String( ES		={Essay Paper})
@String( MEMO		={Memo})
@String( REPORT		={Report})
@String( MS		={Master's thesis})
@String( MSProp		={Master's proposal})
@String( NOTE		={Lecture notes})
@String( OP		={Occasional Paper})
@String( PHD		={PhD thesis})
@String( PHDProp	={PhD proposal})
@String( PRO		={Project})
@String( PROP		={Proposal})
@String( REV		={Review Paper})
@String( RP		={Research Paper})
@String( RR		={Research Report})
@String( TK		={Paper from a presented talk})
@String( TL		={Tutorial Lecture})
@String( TMEMO		={Technical Memo})
@String( TN		={Technical Note})
@String( TR		={Technical Report})
@String( WP		={Working Paper})

@Comment(Books & Book Series)

@Comment(Use InCollection entry unless otherwise noted)

@String( LNCS           ={Lecture Notes in Computer Science})

%NOTE: See Bauer76. Use InColl. entry. Type LNCS out in full
%      in Note field when accompanied by Volume number.

@String( MI1		={Machine Intelligence 1})
@String( MI1:ED		={Collins, N. L. and Michie, D.})
@String( MI1:YR		={1967})

@String( MI2		={Machine Intelligence 2})
@String( MI2:ED		={Dale, E. and Michie, D.})
@String( MI2:YR		={1968})

@String( MI3            ={Machine Intelligence 3})
@String( MI3:ED		={Michie, D. and Meltzer, B.})
@String( MI3:YR		={1968})

@String( MI4		={Machine Intelligence 4})
@String( MI4:ED		={Michie, D. and Meltzer, B.})
@String( MI4:YR		={1969})

@String( MI5		={Machine Intelligence 5})
@String( MI5:ED		={Michie, D. and Meltzer, B.})
@String( MI5:YR		={1969})

@String( MI7		={Machine Intelligence 7})
@String( MI7:ED		={Michie, D. and Meltzer, B.})
@String( MI7:YR		={1972})

@String( MI8		={Machine Intelligence 8})
@String( MI8:ED		={Michie, D. and Meltzer, B.})
@String( MI8:YR		={1976})

@String( MI10		={Machine Intelligence 10})
@String( MI10:ED	={Hayes, J. E. and Mitchie, D. and Pao, Y-H})
@String( MI10:YR	={1982})
