@article{rich2009building,
  title={Building task-based user interfaces with ANSI/CEA-2018},
  author={Rich, Charles},
  journal={Computer},
  volume={42},
  number={8},
  pages={20--27},
  year={2009},
  publisher={IEEE Computer Society}
}
@techreport{gil1992acquiring,
  title={Acquiring domain knowledge for planning by experimentation},
  author={Gil, Yolanda},
  year={1992},
  institution={DTIC Document}
}
@article{hurauxmodele,
  title={Un mod{\`e}le multi-niveau pour simuler lâ€™activit{\'e} humaine dans le contexte de la consommation {\'e}nerg{\'e}tique r{\'e}sidentielle},
  author={Huraux, Thomas and Sabouret, Nicolas and Haradji, Yvon and EDF R\&D, Clamart}
}
@article{shin1986dynamic,
  title={A dynamic programming approach to trajectory planning of robotic manipulators},
  author={Shin, Kang G and McKay, Neil D},
  journal={Automatic Control, IEEE Transactions on},
  volume={31},
  number={6},
  pages={491--500},
  year={1986},
  publisher={IEEE}
}
@article{crainic2009models,
  title={Models for evaluating and planning city logistics systems},
  author={Crainic, Teodor Gabriel and Ricciardi, Nicoletta and Storchi, Giovanni},
  journal={Transportation science},
  volume={43},
  number={4},
  pages={432--454},
  year={2009},
  publisher={INFORMS}
}
@article{fikes1972strips,
  title={STRIPS: A new approach to the application of theorem proving to problem solving},
  author={Fikes, Richard E and Nilsson, Nils J},
  journal={Artificial intelligence},
  volume={2},
  number={3},
  pages={189--208},
  year={1972},
  publisher={Elsevier}
}

@article{bylander1994computational,
  title={The computational complexity of propositional STRIPS planning},
  author={Bylander, Tom},
  journal={Artificial Intelligence},
  volume={69},
  number={1},
  pages={165--204},
  year={1994},
  publisher={Elsevier}
}
@article{crainic2009models,
  title={Models for evaluating and planning city logistics systems},
  author={Crainic, Teodor Gabriel and Ricciardi, Nicoletta and Storchi, Giovanni},
  journal={Transportation science},
  volume={43},
  number={4},
  pages={432--454},
  year={2009},
  publisher={INFORMS}
}

@article{blum1997fast,
  title={Fast planning through planning graph analysis},
  author={Blum, Avrim L and Furst, Merrick L},
  journal={Artificial intelligence},
  volume={90},
  number={1},
  pages={281--300},
  year={1997},
  publisher={Elsevier}
}

@article{currie1991plan,
  title={O-Plan: the open planning architecture},
  author={Currie, Ken and Tate, Austin},
  journal={Artificial Intelligence},
  volume={52},
  number={1},
  pages={49--86},
  year={1991},
  publisher={Elsevier}
}

@inproceedings{erol1994htn,
  title={HTN planning: Complexity and expressivity},
  author={Erol, Kutluhan and Hendler, James and Nau, Dana S},
  booktitle={AAAI},
  volume={94},
  pages={1123--1128},
  year={1994}
}
@article{russelartificial,
  title={Artificial Intelligence: A Modern Approach, 2003},
  author={Russel, Stuart and Norvig, Peter},
  journal={EUA: Prentice Hall}
}

@article{mcdermott1998pddl,
  title={PDDL-the planning domain definition language},
  author={McDermott, Drew and Ghallab, Malik and Howe, Adele and Knoblock, Craig and Ram, Ashwin and Veloso, Manuela and Weld, Daniel and Wilkins, David},
  year={1998}
}
@article{bohus2003ravenclaw,
  title={RavenClaw: Dialog management using hierarchical task decomposition and an expectation agenda},
  author={Bohus, Dan and Rudnicky, Alexander I},
  year={2003}
}
@inproceedings{nau1999shop,
  title={SHOP: Simple hierarchical ordered planner},
  author={Nau, Dana and Cao, Yue and Lotem, Amnon and Mu{\~n}oz-Avila, Hector},
  booktitle={Proceedings of the 16th international joint conference on Artificial intelligence-Volume 2},
  pages={968--973},
  year={1999},
  organization={Morgan Kaufmann Publishers Inc.}
}
@techreport{sacerdoti1975structure,

  title={A structure for plans and behavior},
  author={Sacerdoti, Earl D},
  year={1975},
  institution={DTIC Document}
}

@book{wilkins1988practical,
  title={Practical planning: Extending the classical AI planning paradigm},
  author={Wilkins, David E},
  year={1988},
  publisher={Morgan Kaufmann Publishers Inc.}
}

@incollection{boella2002replanning,
  title={A replanning algorithm for a reactive agent architecture},
  author={Boella, Guido and Damiano, Rossana},
  booktitle={Artificial Intelligence: Methodology, Systems, and Applications},
  pages={183--192},
  year={2002},
  publisher={Springer}
}
@inproceedings{warfield2007adaptation,
  title={Adaptation of Hierarchical Task Network Plans.},
  author={Warfield, Ian and Hogg, Chad and Lee-Urban, Stephen and Munoz-Avila, H{\'e}ctor},
  booktitle={FLAIRS Conference},
  pages={429--434},
  year={2007}
}

@incollection{hayashi2006dynagent,
  title={Dynagent: An incremental forward-chaining HTN planning agent in dynamic domains},
  author={Hayashi, Hisashi and Tokura, Seiji and Hasegawa, Tetsuo and Ozaki, Fumio},
  booktitle={Declarative Agent Languages and Technologies III},
  pages={171--187},
  year={2006},
  publisher={Springer}
}

@article{russell2009artificial,
  title={Artificial Intelligence: A Modern Approach Author: Stuart Russell, Peter Norvig, Publisher: Prentice Hall Pa},
  author={Russell, Stuart},
  year={2009},
  publisher={Prentice Hall}
}

@inproceedings{ayan2007hotride,
  title={HOTRiDE: Hierarchical ordered task replanning in dynamic environments},
  author={Ayan, N Fazil and Kuter, Ugur and Yaman, Fusun and Goldman, Robert P},
  booktitle={Planning and Plan Execution for Real-World Systems--Principles and Practices for Planning in Execution: Papers from the ICAPS Workshop. Providence, RI},
  year={2007}
}