%%% ====================================================================
%%%  BibTeX-file{
%%%     author          = "Gerry Murray",
%%%     version         = "1.2",
%%%     date            = "2 April 2012",
%%%     filename        = "acmsmall-sample-bibfile.bib",
%%%     address         = "ACM, NY",
%%%     email           = "murray at hq.acm.org",
%%%     codetable       = "ISO/ASCII",
%%%     keywords        = "ACM Reference Format, bibliography, citation, references",
%%%     supported       = "yes",
%%%     docstring       = "This BibTeX database file contains 'bibdata' entries
%%%                        that 'match' the examples provided in the Specifications Document
%%%                        AND, also, 'legacy'-type bibs. It should assist authors in 
%%%                        choosing the 'correct' at-bibtype and necessary bib-fields
%%%                        so as to obtain the appropriate ACM Reference Format output. 
%%%			   It also contains many 'Standard Abbreviations'. "
%%%  }
%%% ====================================================================

% Journals

% First the Full Name is given, then the abbreviation used in the AMS Math
% Reviews, with an indication if it could not be found there.
% Note the 2nd overwrites the 1st, so swap them if you want the full name.

 %{AMS}
 @String{AMSTrans = "American Mathematical Society Translations" }
 @String{AMSTrans = "Amer. Math. Soc. Transl." }
 @String{BullAMS = "Bulletin of the American Mathematical Society" }
 @String{BullAMS = "Bull. Amer. Math. Soc." }
 @String{ProcAMS = "Proceedings of the American Mathematical Society" }
 @String{ProcAMS = "Proc. Amer. Math. Soc." }
 @String{TransAMS = "Transactions of the American Mathematical Society" }
 @String{TransAMS = "Trans. Amer. Math. Soc." }

 %ACM
 @String{CACM = "Communications of the {ACM}" }
 @String{CACM = "Commun. {ACM}" }
 @String{CompServ = "Comput. Surveys" }
 @String{JACM = "J. ACM" }
 @String{ACMMathSoft = "{ACM} Transactions on Mathematical Software" }
 @String{ACMMathSoft = "{ACM} Trans. Math. Software" }
 @String{SIGNUM = "{ACM} {SIGNUM} Newsletter" }
 @String{SIGNUM = "{ACM} {SIGNUM} Newslett." }

 @String{AmerSocio = "American Journal of Sociology" }
 @String{AmerStatAssoc = "Journal of the American Statistical Association" }
 @String{AmerStatAssoc = "J. Amer. Statist. Assoc." }
 @String{ApplMathComp = "Applied Mathematics and Computation" }
 @String{ApplMathComp = "Appl. Math. Comput." }
 @String{AmerMathMonthly = "American Mathematical Monthly" }
 @String{AmerMathMonthly = "Amer. Math. Monthly" }
 @String{BIT = "{BIT}" }
 @String{BritStatPsych = "British Journal of Mathematical and Statistical
          Psychology" }
 @String{BritStatPsych = "Brit. J. Math. Statist. Psych." }
 @String{CanMathBull = "Canadian Mathematical Bulletin" }
 @String{CanMathBull = "Canad. Math. Bull." }
 @String{CompApplMath = "Journal of Computational and Applied Mathematics" }
 @String{CompApplMath = "J. Comput. Appl. Math." }
 @String{CompPhys = "Journal of Computational Physics" }
 @String{CompPhys = "J. Comput. Phys." }
 @String{CompStruct = "Computers and Structures" }
 @String{CompStruct = "Comput. \& Structures" }
 @String{CompJour = "The Computer Journal" }
 @String{CompJour = "Comput. J." }
 @String{CompSysSci = "Journal of Computer and System Sciences" }
 @String{CompSysSci = "J. Comput. System Sci." }
 @String{Computing = "Computing" }
 @String{ContempMath = "Contemporary Mathematics" }
 @String{ContempMath = "Contemp. Math." }
 @String{Crelle = "Crelle's Journal" }
 @String{GiornaleMath = "Giornale di Mathematiche" }
 @String{GiornaleMath = "Giorn. Mat." } % didn't find in AMS MR., ibid.

 %IEEE
 @String{Computer = "{IEEE} Computer" }
 @String{IEEETransComp = "{IEEE} Transactions on Computers" }
 @String{IEEETransComp = "{IEEE} Trans. Comput." }
 @String{IEEETransAC = "{IEEE} Transactions on Automatic Control" }
 @String{IEEETransAC = "{IEEE} Trans. Automat. Control" }
 @String{IEEESpec = "{IEEE} Spectrum" } % didn't find in AMS MR
 @String{ProcIEEE = "Proceedings of the {IEEE}" }
 @String{ProcIEEE = "Proc. {IEEE}" } % didn't find in AMS MR
 @String{IEEETransAeroElec = "{IEEE} Transactions on Aerospace and Electronic
     Systems" }
 @String{IEEETransAeroElec = "{IEEE} Trans. Aerospace Electron. Systems" }

 @String{IMANumerAna = "{IMA} Journal of Numerical Analysis" }
 @String{IMANumerAna = "{IMA} J. Numer. Anal." }
 @String{InfProcLet = "Information Processing Letters" }
 @String{InfProcLet = "Inform. Process. Lett." }
 @String{InstMathApp = "Journal of the Institute of Mathematics and
     its Applications" }
 @String{InstMathApp = "J. Inst. Math. Appl." }
 @String{IntControl = "International Journal of Control" }
 @String{IntControl = "Internat. J. Control" }
 @String{IntNumerEng = "International Journal for Numerical Methods in
     Engineering" }
 @String{IntNumerEng = "Internat. J. Numer. Methods Engrg." }
 @String{IntSuper = "International Journal of Supercomputing Applications" }
 @String{IntSuper = "Internat. J. Supercomputing Applic." } % didn't find
%% in AMS MR
 @String{Kibernetika = "Kibernetika" }
 @String{JResNatBurStand = "Journal of Research of the National Bureau
     of Standards" }
 @String{JResNatBurStand = "J. Res. Nat. Bur. Standards" }
 @String{LinAlgApp = "Linear Algebra and its Applications" }
 @String{LinAlgApp = "Linear Algebra Appl." }
 @String{MathAnaAppl = "Journal of Mathematical Analysis and Applications" }
 @String{MathAnaAppl = "J. Math. Anal. Appl." }
 @String{MathAnnalen = "Mathematische Annalen" }
 @String{MathAnnalen = "Math. Ann." }
 @String{MathPhys = "Journal of Mathematical Physics" }
 @String{MathPhys = "J. Math. Phys." }
 @String{MathComp = "Mathematics of Computation" }
 @String{MathComp = "Math. Comp." }
 @String{MathScand = "Mathematica Scandinavica" }
 @String{MathScand = "Math. Scand." }
 @String{TablesAidsComp = "Mathematical Tables and Other Aids to Computation" }
 @String{TablesAidsComp = "Math. Tables Aids Comput." }
 @String{NumerMath = "Numerische Mathematik" }
 @String{NumerMath = "Numer. Math." }
 @String{PacificMath = "Pacific Journal of Mathematics" }
 @String{PacificMath = "Pacific J. Math." }
 @String{ParDistComp = "Journal of Parallel and Distributed Computing" }
 @String{ParDistComp = "J. Parallel and Distrib. Comput." } % didn't find
%% in AMS MR
 @String{ParComputing = "Parallel Computing" }
 @String{ParComputing = "Parallel Comput." }
 @String{PhilMag = "Philosophical Magazine" }
 @String{PhilMag = "Philos. Mag." }
 @String{ProcNAS = "Proceedings of the National Academy of Sciences
                    of the USA" }
 @String{ProcNAS = "Proc. Nat. Acad. Sci. U. S. A." }
 @String{Psychometrika = "Psychometrika" }
 @String{QuartMath = "Quarterly Journal of Mathematics, Oxford, Series (2)" }
 @String{QuartMath = "Quart. J. Math. Oxford Ser. (2)" }
 @String{QuartApplMath = "Quarterly of Applied Mathematics" }
 @String{QuartApplMath = "Quart. Appl. Math." }
 @String{RevueInstStat = "Review of the International Statisical Institute" }
 @String{RevueInstStat = "Rev. Inst. Internat. Statist." }

 %SIAM
 @String{JSIAM = "Journal of the Society for Industrial and Applied
     Mathematics" }
 @String{JSIAM = "J. Soc. Indust. Appl. Math." }
 @String{JSIAMB = "Journal of the Society for Industrial and Applied
     Mathematics, Series B, Numerical Analysis" }
 @String{JSIAMB = "J. Soc. Indust. Appl. Math. Ser. B Numer. Anal." }
 @String{SIAMAlgMeth = "{SIAM} Journal on Algebraic and Discrete Methods" }
 @String{SIAMAlgMeth = "{SIAM} J. Algebraic Discrete Methods" }
 @String{SIAMAppMath = "{SIAM} Journal on Applied Mathematics" }
 @String{SIAMAppMath = "{SIAM} J. Appl. Math." }
 @String{SIAMComp = "{SIAM} Journal on Computing" }
 @String{SIAMComp = "{SIAM} J. Comput." }
 @String{SIAMMatrix = "{SIAM} Journal on Matrix Analysis and Applications" }
 @String{SIAMMatrix = "{SIAM} J. Matrix Anal. Appl." }
 @String{SIAMNumAnal = "{SIAM} Journal on Numerical Analysis" }
 @String{SIAMNumAnal = "{SIAM} J. Numer. Anal." }
 @String{SIAMReview = "{SIAM} Review" }
 @String{SIAMReview = "{SIAM} Rev." }
 @String{SIAMSciStat = "{SIAM} Journal on Scientific and Statistical
     Computing" }
 @String{SIAMSciStat = "{SIAM} J. Sci. Statist. Comput." }

 @String{SoftPracExp = "Software Practice and Experience" }
 @String{SoftPracExp = "Software Prac. Experience" } % didn't find in AMS MR
 @String{StatScience = "Statistical Science" }
 @String{StatScience = "Statist. Sci." }
 @String{Techno = "Technometrics" }
 @String{USSRCompMathPhys = "{USSR} Computational Mathematics and Mathematical
     Physics" }
 @String{USSRCompMathPhys = "{U. S. S. R.} Comput. Math. and Math. Phys." }
 @String{VLSICompSys = "Journal of {VLSI} and Computer Systems" }
 @String{VLSICompSys = "J. {VLSI} Comput. Syst." }
 @String{ZAngewMathMech = "Zeitschrift fur Angewandte Mathematik und
     Mechanik" }
 @String{ZAngewMathMech = "Z. Angew. Math. Mech." }
 @String{ZAngewMathPhys = "Zeitschrift fur Angewandte Mathematik und Physik" }
 @String{ZAngewMathPhys = "Z. Angew. Math. Phys." }

% Publishers % ================================================= |

 @String{Academic = "Academic Press" }
 @String{ACMPress = "{ACM} Press" }
 @String{AdamHilger = "Adam Hilger" }
 @String{AddisonWesley = "Addison-Wesley" }
 @String{AllynBacon = "Allyn and Bacon" }
 @String{AMS = "American Mathematical Society" }
 @String{Birkhauser = "Birkha{\"u}ser" }
 @String{CambridgePress = "Cambridge University Press" }
 @String{Chelsea = "Chelsea" }
 @String{ClaredonPress = "Claredon Press" }
 @String{DoverPub = "Dover Publications" }
 @String{Eyolles = "Eyolles" }
 @String{HoltRinehartWinston = "Holt, Rinehart and Winston" }
 @String{Interscience = "Interscience" }
 @String{JohnsHopkinsPress = "The Johns Hopkins University Press" }
 @String{JohnWileySons = "John Wiley and Sons" }
 @String{Macmillan = "Macmillan" }
 @String{MathWorks = "The Math Works Inc." }
 @String{McGrawHill = "McGraw-Hill" }
 @String{NatBurStd = "National Bureau of Standards" }
 @String{NorthHolland = "North-Holland" }
 @String{OxfordPress = "Oxford University Press" }  %address Oxford or London?
 @String{PergamonPress = "Pergamon Press" }
 @String{PlenumPress = "Plenum Press" }
 @String{PrenticeHall = "Prentice-Hall" }
 @String{SIAMPub = "{SIAM} Publications" }
 @String{Springer = "Springer-Verlag" }
 @String{TexasPress = "University of Texas Press" }
 @String{VanNostrand = "Van Nostrand" }
 @String{WHFreeman = "W. H. Freeman and Co." }

%Entries

@Article{de2004influence,
	Title                    = {The influence of power on the information search, impression formation, and demands in negotiation},
	Author                   = {De Dreu, Carsten KW and Van Kleef, Gerben A},
	Journal                  = {Journal of Experimental Social Psychology},
	Year                     = {2004},
	Number                   = {3},
	Pages                    = {303--319},
	Volume                   = {40},
	
	Publisher                = {Elsevier}
}

@inproceedings{robertson2015visual,
	title={The visual design and implementation of an embodied conversational agent in a shared decision-making context (eCoach)},
	author={Robertson, Scott and Solomon, Rob and Riedl, Mark and Gillespie, Theresa Wicklin and Chociemski, Toni and Master, Viraj and Mohan, Arun},
	booktitle={International Conference on Learning and Collaboration Technologies},
	pages={427--437},
	year={2015},
	organization={Springer}
}

@article{howard2017shifting,
	title={Shifting the load: A peer dialogue agent that encourages its human collaborator to contribute more to problem solving},
	author={Howard, Cynthia and Jordan, Pamela and Di Eugenio, Barbara and Katz, Sandra},
	journal={International Journal of Artificial Intelligence in Education},
	volume={27},
	number={1},
	pages={101--129},
	year={2017},
	publisher={Springer}
}

@article{bro2010affective,
	title={Affective negotiation support systems},
	author={Broekens, Joost and Jonker, Catholijn M and Meyer, John-Jules Ch},
	journal={Journal of Ambient Intelligence and Smart Environments},
	volume={2},
	number={2},
	pages={121--144},
	year={2010},
	publisher={IOS Press}
}

@article{van2006power,
	title={Power and emotion in negotiation: Power moderates the interpersonal effects of anger and happiness on concession making},
	author={Van Kleef, Gerben A and De Dreu, Carsten KW and Pietroni, Davide and Manstead, Antony SR},
	journal={European Journal of Social Psychology},
	volume={36},
	number={4},
	pages={557--581},
	year={2006},
	publisher={Wiley Online Library}
}

@article{wiltermuth2015benefits,
	title={The benefits of dominance complementarity in negotiations},
	author={Wiltermuth, Scott and Tiedens, Larissa Z and Neale, Margaret},
	journal={Negotiation and Conflict Management Research},
	volume={8},
	number={3},
	pages={194--209},
	year={2015},
	publisher={Wiley Online Library}
}

@article{tiedens2003power,
	title={Power moves: complementarity in dominant and submissive nonverbal behavior.},
	author={Tiedens, Larissa Z and Fragale, Alison R},
	journal={Journal of personality and social psychology},
	volume={84},
	number={3},
	pages={558},
	year={2003},
	publisher={American Psychological Association}
}

%%@inproceedings{ouali2017computational,
%%	title={A computational model of power in collaborative negotiation dialogues},
%%	author={OuldOuali, Lydia and Sabouret, Nicolas and Rich, Charles},
%%	booktitle={International Conference on Intelligent Virtual Agents},
%%	pages={259--272},
%%	year={2017},
%%	organization={Springer}
%%}

@inproceedings{ouali2017computational,
	title={Anonymised for review},
	author={Anonymised authors},
	booktitle={anonymised conference},
	year={2017},
	organization={Springer}
}

@inproceedings{de2013higher,
	title={Higher-Order Theory of Mind in Negotiations under Incomplete Information.},
	author={de Weerd, Harmen and Verbrugge, Rineke and Verheij, Bart},
	booktitle={Prima},
	pages={101--116},
	year={2013},
	organization={Springer}
}
@article{de2015humans,
	title={Humans versus computers: Impact of emotion expressions on people's decision making},
	author={de Melo, Celso M and Gratch, Jonathan and Carnevale, Peter J},
	journal={IEEE Transactions on Affective Computing},
	volume={6},
	number={2},
	pages={127--136},
	year={2015},
	publisher={IEEE}
}

@inproceedings{traum2008multi,
	title={Multi-party, multi-issue, multi-strategy negotiation for multi-modal virtual agents},
	author={Traum, David and Marsella, Stacy C and Gratch, Jonathan and Lee, Jina and Hartholt, Arno},
	booktitle={International Workshop on Intelligent Virtual Agents},
	pages={117--130},
	year={2008},
	organization={Springer}
}

@inproceedings{pynadath2013you,
	title={Are you thinking what I’m thinking? An Evaluation of a Simplified Theory of Mind},
	author={Pynadath, David V and Wang, Ning and Marsella, Stacy C},
	booktitle={International Workshop on Intelligent Virtual Agents},
	pages={44--57},
	year={2013},
	organization={Springer}
}
@article{premack1978does,
	title={Does the chimpanzee have a theory of mind?},
	author={Premack, David and Woodruff, Guy},
	journal={Behavioral and brain sciences},
	volume={1},
	number={4},
	pages={515--526},
	year={1978},
	publisher={Cambridge University Press}
}

@article{van2004interpersonal,
	title={The interpersonal effects of emotions in negotiations: a motivated information processing approach.},
	author={Van Kleef, Gerben A and De Dreu, Carsten KW and Manstead, Antony SR},
	journal={Journal of personality and social psychology},
	volume={87},
	number={4},
	pages={510},
	year={2004},
	publisher={US: American Psychological Association}
}

@article{de1995impact,
	title={The impact of social value orientations on negotiator cognition and behavior},
	author={De Dreu, Carsten KW and Van Lange, Paul AM},
	journal={Personality and Social Psychology Bulletin},
	volume={21},
	number={11},
	pages={1178--1188},
	year={1995},
	publisher={Sage Publications Sage CA: Thousand Oaks, CA}
}

@Article{magee2007power,
	Title                    = {Power, propensity to negotiate, and moving first in competitive interactions},
	Author                   = {Magee, Joe C and Galinsky, Adam D and Gruenfeld, Deborah H},
	Journal                  = {Personality and Social Psychology Bulletin},
	Year                     = {2007},
	Number                   = {2},
	Pages                    = {200--212},
	Volume                   = {33},
	
	Owner                    = {ouldouali},
	Timestamp                = {2017.02.13}
}


@article{elfenbein2007reading,
	title={Reading your counterpart: The benefit of emotion recognition accuracy for effectiveness in negotiation},
	author={Elfenbein, Hillary Anger and Der Foo, Maw and White, Judith and Tan, Hwee Hoon and Aik, Voon Chuan},
	journal={Journal of Nonverbal Behavior},
	volume={31},
	number={4},
	pages={205--223},
	year={2007},
	publisher={Springer}
}

@article{sinaceur2006get,
	title={Get mad and get more than even: When and why anger expression is effective in negotiations},
	author={Sinaceur, Marwan and Tiedens, Larissa Z},
	journal={Journal of Experimental Social Psychology},
	volume={42},
	number={3},
	pages={314--322},
	year={2006},
	publisher={Elsevier}
}
@article{van2010interpersonal,
	title={An interpersonal approach to emotion in social decision making: The emotions as social information model},
	author={Van Kleef, Gerben A and De Dreu, Carsten KW and Manstead, Antony SR},
	journal={Advances in experimental social psychology},
	volume={42},
	pages={45--96},
	year={2010},
	publisher={Elsevier}
}

@inproceedings{gratch2016misrepresentation,
	title={The Misrepresentation Game: How to win at negotiation while seeming like a nice guy},
	author={Gratch, Jonathan and Nazari, Zahra and Johnson, Emmanuel},
	booktitle={Proceedings of the 2016 International Conference on Autonomous Agents \& Multiagent Systems},
	pages={728--737},
	year={2016},
	organization={International Foundation for Autonomous Agents and Multiagent Systems}
}

@inproceedings{sidner1994artificial,
	title={An artificial discourse language for collaborative negotiation},
	author={Sidner, Candace L},
	booktitle={AAAI},
	volume={94},
	pages={814--819},
	year={1994}
}


@inproceedings{chu1995response,
	title={Response generation in collaborative negotiation},
	author={Chu-Carroll, Jennifer and Carberry, Sandra},
	booktitle={Proceedings of the 33rd annual meeting on Association for Computational Linguistics},
	pages={136--143},
	year={1995},
	organization={Association for Computational Linguistics}
}

@inproceedings{alfonso2015emotional,
	title={Emotional perception for updating agents' beliefs},
	author={Alfonso, Bexy and Pynadath, David V and Lhommet, Margot and Marsella, Stacy},
	booktitle={Affective Computing and Intelligent Interaction (ACII), 2015 International Conference on},
	pages={201--207},
	year={2015},
	organization={IEEE}
}

@inproceedings{klatt2011negotiations,
	title={Negotiations in the context of AIDS prevention: an agent-based model using theory of mind},
	author={Klatt, Jennifer and Marsella, Stacy and Kr{\"a}mer, Nicole},
	booktitle={Intelligent virtual agents},
	pages={209--215},
	year={2011},
	organization={Springer}
}

@article{burgoon1998nature,
	title={The nature and measurement of interpersonal dominance},
	author={Burgoon, Judee K and Johnson, Michelle L and Koch, Pamela T},
	journal={Communications Monographs},
	volume={65},
	number={4},
	pages={308--335},
	year={1998},
	publisher={Taylor \& Francis Group}
}
@article{dunbar2005perceptions,
	title={Perceptions of power and interactional dominance in interpersonal relationships},
	author={Dunbar, Norah E and Burgoon, Judee K},
	journal={Journal of Social and Personal Relationships},
	volume={22},
	number={2},
	pages={207--233},
	year={2005},
	publisher={Sage Publications Sage CA: Thousand Oaks, CA}
}

@inproceedings{de2011effect,
	title={The effect of expression of anger and happiness in computer agents on negotiations with humans},
	author={de Melo, Celso M and Carnevale, Peter and Gratch, Jonathan},
	booktitle={Proc. AAMAS 2011},
	pages={937--944},
	year={2011}
}

@article{kraus1995designing,
	title={Designing and building a negotiating automated agent},
	author={Kraus, Sarit and Lehmann, Daniel},
	journal={Computational Intelligence},
	volume={11},
	number={1},
	pages={132--171},
	year={1995},
	publisher={Wiley Online Library}
}

@article{ferguson2004social,
	title={How social perception can automatically influence behavior},
	author={Ferguson, Melissa J and Bargh, John A},
	journal={Trends in cognitive sciences},
	volume={8},
	number={1},
	pages={33--39},
	year={2004},
	publisher={Elsevier}
}

@inproceedings{harbers2009modeling,
	title={Modeling agents with a theory of mind},
	author={Harbers, Maaike and Bosch, Karel van den and Meyer, John-Jules},
	booktitle={Proceedings of the 2009 IEEE/WIC/ACM International Joint Conference on Web Intelligence and Intelligent Agent Technology-Volume 02},
	pages={217--224},
	year={2009},
	organization={IEEE Computer Society}
}

@article{shanton2010simulation,
	title={Simulation theory},
	author={Shanton, Karen and Goldman, Alvin},
	journal={Wiley Interdisciplinary Reviews: Cognitive Science},
	volume={1},
	number={4},
	pages={527--538},
	year={2010},
	publisher={Wiley Online Library}
}

@article{bickmore2005s,
	title={‘It's just like you talk to a friend’relational agents for older adults},
	author={Bickmore, Timothy W and Caruso, Lisa and Clough-Gorr, Kerri and Heeren, Tim},
	journal={Interacting with Computers},
	volume={17},
	number={6},
	pages={711--735},
	year={2005},
	publisher={Elsevier}
}

@inproceedings{harbers2009modeling,
	title={Modeling agents with a theory of mind},
	author={Harbers, Maaike and Bosch, Karel van den and Meyer, John-Jules},
	booktitle={Proceedings of the 2009 IEEE/WIC/ACM International Joint Conference on Web Intelligence and Intelligent Agent Technology-Volume 02},
	pages={217--224},
	year={2009},
	organization={IEEE Computer Society}
}
@article{gordon1986folk,
	title={Folk psychology as simulation},
	author={Gordon, Robert M},
	journal={Mind \& Language},
	volume={1},
	number={2},
	pages={158--171},
	year={1986},
	publisher={Wiley Online Library}
}