@book{searle1969speech,
  title={Speech acts: An essay in the philosophy of language},
  author={Searle, John R},
  volume={626},
  year={1969},
  publisher={Cambridge university press}
}

@article{chouquet1953,
  title={Theory of capacities},
  author={G, Choquet},
  journal={Ann. Inst. Fourier (Grenoble)},
  number={5},
  pages={131--295},
  year={1953}
}


@article{rogers1979domineeringness,
	title={Domineeringness and dominance: A transactional view},
	author={ROGERS-MILLAR, L and FRANK III, E MILLAR},
	journal={Human Communication Research},
	volume={5},
	number={3},
	pages={238--246},
	year={1979},
	publisher={Wiley Online Library}
}

@article{laver1981linguistic,
  title={Linguistic routines and politeness in greeting and parting},
  author={Laver, John},
  journal={Conversational routine},
  volume={289304},
  year={1981},
  publisher={Mouton The Hague}
} 

@article{wiggins1985interpersonal,
  title={The interpersonal circle: A structural model for the integration of personality research},
  author={Wiggins, Jerry S and Broughton, Ross},
  journal={Perspectives in personality},
  volume={1},
  pages={1--47},
  year={1985}
}

@article{grosz1986attention,
  title={Attention, intentions, and the structure of discourse},
  author={Grosz, Barbara J and Sidner, Candace L},
  journal={Computational linguistics},
  volume={12},
  number={3},
  pages={175--204},
  year={1986},
  publisher={MIT Press}
}

@article{komter1989hidden,
	title={Hidden power in marriage},
	author={Komter, Aafke},
	journal={Gender \& Society},
	volume={3},
	number={2},
	pages={187--216},
	year={1989},
	publisher={Sage Publications}
}

@article{rao1991modeling,
	title={Modeling rational agents within a BDI-architecture},
	author={Rao, Anand S and Georgeff, Michael P},
	journal={KR},
	volume={91},
	pages={473--484},
	year={1991}
}


@article{haslam1994mental,
  title={Mental representation of social relationships: Dimensions, laws, or categories?},
  author={Haslam, Nick},
  journal={Journal of Personality and Social Psychology},
  volume={67},
  number={4},
  pages={575},
  year={1994},
  publisher={American Psychological Association}
}

@inproceedings{allen1995spoken,
  title={Spoken dialogue and interactive planning},
  author={Allen, James F and Ferguson, George and Miller, Bradford and Ringger, Eric},
  booktitle={Proceedings of the ARPA SLST Workshop, San Mateo California},
  year={1995}
}

@inproceedings{allen1996robust,
  title={A robust system for natural spoken dialogue},
  author={Allen, James F and Miller, Bradford W and Ringger, Eric K and Sikorski, Teresa},
  booktitle={Proceedings of the 34th annual meeting on Association for Computational Linguistics},
  pages={62--70},
  year={1996},
  organization={Association for Computational Linguistics}
}

@inproceedings{erol1994htn,
	title={HTN planning: Complexity and expressivity},
	author={Erol, Kutluhan and Hendler, James and Nau, Dana S},
	booktitle={AAAI},
	volume={94},
	pages={1123--1128},
	year={1994}
}

@inproceedings{rich1997collagen,
  title={COLLAGEN: When agents collaborate with people},
  author={Rich, Charles and Sidner, Candace L},
  booktitle={Proceedings of the first international conference on Autonomous agents},
  pages={284--291},
  year={1997},
  organization={ACM}
}

@book{moon1998intimate,
  title={Intimate self-disclosure exhanges: Using computers to build reciprocal relationships with consumers},
  author={Moon, Youngme},
  year={1998},
  publisher={Division of Research, Harvard Business School}
}

@article{daskalopulu1998handling,
  title={Handling Preferences in Negotiation Dialogue Frames},
  author={Daskalopulu, Aspassia and Reed, al},
  year={1998},
  publisher={Citeseer}
}


@article{reis2000relationship,
  title={The relationship context of human behavior and development.},
  author={Reis, Harry T and Collins, W Andrew and Berscheid, Ellen},
  journal={Psychological bulletin},
  volume={126},
  number={6},
  pages={844},
  year={2000},
  publisher={American Psychological Association}
}

@inproceedings{nass2000does,
  title={Does computer-generated speech manifest personality? An experimental test of similarity-attraction},
  author={Nass, Clifford and Lee, Kwan Min},
  booktitle={Proceedings of the SIGCHI conference on Human Factors in Computing Systems},
  pages={329--336},
  year={2000},
  organization={ACM}
}
@article{amgoud2000arguments,
  title={Arguments, dialogue, and negotiation},
  author={Amgoud, Leila and Parsons, Simon and Maudet, Nicolas},
  journal={a a},
  volume={10},
  number={11},
  year={2000}
}

@article{mena2000introduction,
	title={Introduction aux m{\'e}thodes multicrit{\`e}res d'aide {\`a} la d{\'e}cision},
	author={Mena, S Ben},
	journal={Biotechnologie, Agronomie, Soci{\'e}t{\'e} et Environnement},
	volume={4},
	number={2},
	pages={83--93},
	year={2000}
}

@book{svennevig2000getting,
  title={Getting acquainted in conversation: a study of initial interactions},
  author={Svennevig, Jan},
  volume={64},
  year={2000},
  publisher={John Benjamins Publishing}
}

@article{nicholson2001role,
  title={The role of interpersonal liking in building trust in long-term channel relationships},
  author={Nicholson, Carolyn Y and Compeau, Larry D and Sethi, Rajesh},
  journal={Journal of the Academy of Marketing Science},
  volume={29},
  number={1},
  pages={3--15},
  year={2001},
  publisher={Springer}
}

@Inbook{Amgoud2002,
	author={Amgoud, Leila and Parsons, Simon},
	editor={Meyer, John-Jules Ch. and Tambe, Milind},
	chapter={Agent Dialogues with Conflicting Preferences},
	title={Intelligent Agents VIII: Agent Theories, Architectures, and Languages 8th International Workshop, ATAL 2001 Seattle,WA, USA, August 1--3, 2001 Revised Papers},
	year={2002},
	publisher={Springer Berlin Heidelberg},
	address={Berlin, Heidelberg},
	pages={190--205}
}

@inproceedings{mcburney2004denotational,
  title={A denotational semantics for deliberation dialogues},
  author={McBurney, Peter and Parsons, Simon},
  booktitle={Proceedings of the Third International Joint Conference on Autonomous Agents and Multiagent Systems-Volume 1},
  pages={86--93},
  year={2004},
  organization={IEEE Computer Society}
}

@article{dunbar2005perceptions,
	title={Perceptions of power and interactional dominance in interpersonal relationships},
	author={Dunbar, Norah E and Burgoon, Judee K},
	journal={Journal of Social and Personal Relationships},
	volume={22},
	number={2},
	pages={207--233},
	year={2005},
	publisher={Sage Publications}
}

@article{markopoulos2005case,
  title={Case study: bringing social intelligence into home dialogue systems},
  author={Markopoulos, Panos and de Ruyter, Boris and Privender, Saini and van Breemen, Albert},
  journal={interactions},
  volume={12},
  number={4},
  pages={37--44},
  year={2005},
  publisher={ACM}
}

@book{figueira2005multiple,
  title={Multiple criteria decision analysis: state of the art surveys},
  author={Figueira, Jos{\'e} and Greco, Salvatore and Ehrgott, Matthias},
  volume={78},
  year={2005},
  publisher={Springer Science \& Business Media}
}



@article{bickmore2005establishing,
  title={Establishing and maintaining long-term human-computer relationships},
  author={Bickmore, Timothy W and Picard, Rosalind W},
  journal={ACM Transactions on Computer-Human Interaction (TOCHI)},
  volume={12},
  number={2},
  pages={293--327},
  year={2005},
  publisher={ACM}
}

@article{bickmore2005s,
  title={‘It's just like you talk to a friend’relational agents for older adults},
  author={Bickmore, Timothy W and Caruso, Lisa and Clough-Gorr, Kerri and Heeren, Tim},
  journal={Interacting with Computers},
  volume={17},
  number={6},
  pages={711--735},
  year={2005},
  publisher={Elsevier}
}

@inproceedings{kidd2005sociable,
	title={Sociable robot systems for real-world problems},
	author={Kidd, Cory D and Breazeal, Cynthia},
	booktitle={Robot and Human Interactive Communication, 2005. ROMAN 2005. IEEE International Workshop on},
	pages={353--358},
	year={2005},
	organization={IEEE}
}

@article{hall2005nonverbal,
  title={Nonverbal behavior and the vertical dimension of social relations: a meta-analysis.},
  author={Hall, Judith A and Coats, Erik J and LeBeau, Lavonia Smith},
  journal={Psychological bulletin},
  volume={131},
  number={6},
  pages={898},
  year={2005},
  publisher={American Psychological Association}
}

@article{magee2007power,
	title={Power, propensity to negotiate, and moving first in competitive interactions},
	author={Magee, Joe C and Galinsky, Adam D and Gruenfeld, Deborah H},
	journal={Personality and Social Psychology Bulletin},
	volume={33},
	number={2},
	pages={200--212},
	year={2007},
	publisher={Sage Publications}
}

@article{rich2009building,
  title={Building task-based user interfaces with ANSI/CEA-2018},
  author={Rich, Charles},
  journal={Computer},
  number={8},
  pages={20--27},
  year={2009},
  publisher={IEEE}
}

@book{dodgson2009multi,
  title={Multi-criteria analysis: a manual},
  author={Dodgson, JS and Spackman, Michael and Pearman, Alan and Phillips, LD},
  year={2009},
  publisher={Department for Communities and Local Government: London}
}

@book{yager2012ordered,
  title={The ordered weighted averaging operators: theory and applications},
  author={Yager, Ronald R and Kacprzyk, Janusz},
  year={2012},
  publisher={Springer Science \& Business Media}
}


@inproceedings{bickmore2012empirical,
  title={Empirical validation of an accommodation theory-based model of user-agent relationship},
  author={Bickmore, Timothy and Schulman, Daniel},
  booktitle={Intelligent Virtual Agents},
  pages={390--403},
  year={2012},
  organization={Springer}
}

@article{jones2012affective,
  title={An affective model for a virtual recruiter in a job interview context},
  author={Jones, Haza{\"e}l and Sabouret, Nicolas},
  journal={Procedia Computer Science},
  volume={15},
  pages={312--313},
  year={2012},
  publisher={Elsevier}
}

@article{zablotskaya2012relating,
  title={Relating dominance of dialogue participants with their verbal intelligence scores},
  author={Zablotskaya, Kseniya and Rahim, Umai and Fern{\'a}ndez Mart{\'\i}n, Jaime and Minker, Wolfgang},
  year={2012},
  publisher={Telecomunicacion}
}

@inproceedings{sidner2013always,
  title={An always-on companion for isolated older adults},
  author={Sidner, Candace and Bickmore, Timothy and Rich, Charles and Barry, Barbara and Ring, Lazlo and Behrooz, Morteza and Shayganfar, Mohammad},
  booktitle={14th Annual SIGdial meeting on discourse and dialogue},
  year={2013}
}

@article{riviere2014aca,
  title={Un ACA sinc{\`e}re, affectif et expressif comme compagnon artificiel},
  author={Rivi{\`e}re, J{\'e}r{\'e}my and Adam, Carole and Pesty, Sylvie},
  journal={Revue d’intelligence artificielle--no},
  volume={65},
  pages={97},
  year={2014}
}

@article{annesysteme,
  title={Un syst{\`e}me de dialogue pour dynamiser un patient virtuel},
  author={Anne, Leonardo Campillos-Llanos Dhouha Bouamor and Ligozat, Laure and Zweigenbaum, {\'E}ric Bilinski Pierre and Rosset, Sophie}
}

@inproceedings{ouali2015reparation,
  title={R{\'e}paration de plans dans les HTNs r{\'e}actifs en utilisant la planification symbolique},
  author={Ouali, Lydia Ould and Rich, Charles and Sabouret, Nicolas}
}

@incollection{ouali2015plan,
  title={Plan Recovery in Reactive HTNs Using Symbolic Planning},
  author={Ouali, Lydia Ould and Rich, Charles and Sabouret, Nicolas},
  booktitle={Artificial General Intelligence},
  pages={320--330},
  year={2015},
  publisher={Springer}
}