@book{searle1969speech,
  title={Speech acts: An essay in the philosophy of language},
  author={Searle, John R},
  volume={626},
  year={1969},
  publisher={Cambridge university press}
}

@article{chouquet1953,
  title={Theory of capacities},
  author={G, Choquet},
  journal={Ann. Inst. Fourier (Grenoble)},
  number={5},
  pages={131--295},
  year={1953}

}


@article{rogers1979domineeringness,
	title={Domineeringness and dominance: A transactional view},
	author={ROGERS-MILLAR, L and FRANK III, E MILLAR},
	journal={Human Communication Research},
	volume={5},
	number={3},
	pages={238--246},
	year={1979},
	publisher={Wiley Online Library}
}

@article{laver1981linguistic,
  title={Linguistic routines and politeness in greeting and parting},
  author={Laver, John},
  journal={Conversational routine},
  volume={289304},
  year={1981},
  publisher={Mouton The Hague}
} 

@article{grosz1986attention,
  title={Attention, intentions, and the structure of discourse},
  author={Grosz, Barbara J and Sidner, Candace L},
  journal={Computational linguistics},
  volume={12},
  number={3},
  pages={175--204},
  year={1986},
  publisher={MIT Press}
}

@article{komter1989hidden,
	title={Hidden power in marriage},
	author={Komter, Aafke},
	journal={Gender \& Society},
	volume={3},
	number={2},
	pages={187--216},
	year={1989},
	publisher={Sage Publications}
}

@article{rao1991modeling,
	title={Modeling rational agents within a BDI-architecture},
	author={Rao, Anand S and Georgeff, Michael P},
	journal={KR},
	volume={91},
	pages={473--484},
	year={1991}
}


@article{haslam1994mental,
  title={Mental representation of social relationships: Dimensions, laws, or categories?},
  author={Haslam, Nick},
  journal={Journal of Personality and Social Psychology},
  volume={67},
  number={4},
  pages={575},
  year={1994},
  publisher={American Psychological Association}
}

@book{moon1998intimate,
  title={Intimate self-disclosure exhanges: Using computers to build reciprocal relationships with consumers},
  author={Moon, Youngme},
  year={1998},
  publisher={Division of Research, Harvard Business School}
}

@article{daskalopulu1998handling,
  title={Handling Preferences in Negotiation Dialogue Frames},
  author={Daskalopulu, Aspassia and Reed, Chris and Uk, Uxbridge Ub Ph},
  year={1998},
  publisher={Citeseer}
}

@inproceedings{bickmore2000weather,
  title={how about this weather?” social dialogue with embodied conversational agents},
  author={Bickmore, Timothy and Cassell, Justine},
  booktitle={Proc. AAAI Fall Symposium on Socially Intelligent Agents},
  year={2000}
}

@article{reis2000relationship,
  title={The relationship context of human behavior and development.},
  author={Reis, Harry T and Collins, W Andrew and Berscheid, Ellen},
  journal={Psychological bulletin},
  volume={126},
  number={6},
  pages={844},
  year={2000},
  publisher={American Psychological Association}
}

@inproceedings{nass2000does,
  title={Does computer-generated speech manifest personality? An experimental test of similarity-attraction},
  author={Nass, Clifford and Lee, Kwan Min},
  booktitle={Proceedings of the SIGCHI conference on Human Factors in Computing Systems},
  pages={329--336},
  year={2000},
  organization={ACM}
}
@article{amgoud2000arguments,
  title={Arguments, dialogue, and negotiation},
  author={Amgoud, Leila and Parsons, Simon and Maudet, Nicolas},
  journal={a a},
  volume={10},
  number={11},
  pages={02},
  year={2000}
}

@article{mena2000introduction,
	title={Introduction aux m{\'e}thodes multicrit{\`e}res d'aide {\`a} la d{\'e}cision},
	author={Mena, S Ben},
	journal={Biotechnologie, Agronomie, Soci{\'e}t{\'e} et Environnement},
	volume={4},
	number={2},
	pages={83--93},
	year={2000}
}

@book{svennevig2000getting,
  title={Getting acquainted in conversation: a study of initial interactions},
  author={Svennevig, Jan},
  volume={64},
  year={2000},
  publisher={John Benjamins Publishing}
}

@article{nicholson2001role,
  title={The role of interpersonal liking in building trust in long-term channel relationships},
  author={Nicholson, Carolyn Y and Compeau, Larry D and Sethi, Rajesh},
  journal={Journal of the Academy of Marketing Science},
  volume={29},
  number={1},
  pages={3--15},
  year={2001},
  publisher={Springer}
}

@inproceedings{mcburney2004denotational,
  title={A denotational semantics for deliberation dialogues},
  author={McBurney, Peter and Parsons, Simon},
  booktitle={Proceedings of the Third International Joint Conference on Autonomous Agents and Multiagent Systems-Volume 1},
  pages={86--93},
  year={2004},
  organization={IEEE Computer Society}
}

@article{dunbar2005perceptions,
	title={Perceptions of power and interactional dominance in interpersonal relationships},
	author={Dunbar, Norah E and Burgoon, Judee K},
	journal={Journal of Social and Personal Relationships},
	volume={22},
	number={2},
	pages={207--233},
	year={2005},
	publisher={Sage Publications}
}

@article{markopoulos2005case,
  title={Case study: bringing social intelligence into home dialogue systems},
  author={Markopoulos, Panos and de Ruyter, Boris and Privender, Saini and van Breemen, Albert},
  journal={interactions},
  volume={12},
  number={4},
  pages={37--44},
  year={2005},
  publisher={ACM}
}

@book{figueira2005multiple,
  title={Multiple criteria decision analysis: state of the art surveys},
  author={Figueira, Jos{\'e} and Greco, Salvatore and Ehrgott, Matthias},
  volume={78},
  year={2005},
  publisher={Springer Science \& Business Media}
}

@article{bickmore2005s,
  title={‘It's just like you talk to a friend’relational agents for older adults},
  author={Bickmore, Timothy W and Caruso, Lisa and Clough-Gorr, Kerri and Heeren, Tim},
  journal={Interacting with Computers},
  volume={17},
  number={6},
  pages={711--735},
  year={2005},
  publisher={Elsevier}
}

@article{bickmore2005establishing,
  title={Establishing and maintaining long-term human-computer relationships},
  author={Bickmore, Timothy W and Picard, Rosalind W},
  journal={ACM Transactions on Computer-Human Interaction (TOCHI)},
  volume={12},
  number={2},
  pages={293--327},
  year={2005},
  publisher={ACM}
}

@book{bickmore2005social,
  title={Social dialongue with embodied conversational agents},
  author={Bickmore, Timothy and Cassell, Justine},
  booktitle={Advances in natural multimodal dialogue systems},
  pages={23--54},
  year={2005},
  publisher={Springer}
}

@inproceedings{kidd2005sociable,
	title={Sociable robot systems for real-world problems},
	author={Kidd, Cory D and Breazeal, Cynthia},
	booktitle={Robot and Human Interactive Communication, 2005. ROMAN 2005. IEEE International Workshop on},
	pages={353--358},
	year={2005},
	organization={IEEE}
}

@article{rich2009building,
  title={Building task-based user interfaces with ANSI/CEA-2018},
  author={Rich, Charles},
  journal={Computer},
  number={8},
  pages={20--27},
  year={2009},
  publisher={IEEE}
}

@book{dodgson2009multi,
  title={Multi-criteria analysis: a manual},
  author={Dodgson, JS and Spackman, Michael and Pearman, Alan and Phillips, LD},
  year={2009},
  publisher={Department for Communities and Local Government: London}
}

@book{yager2012ordered,
  title={The ordered weighted averaging operators: theory and applications},
  author={Yager, Ronald R and Kacprzyk, Janusz},
  year={2012},
  publisher={Springer Science \& Business Media}
}


@inproceedings{bickmore2012empirical,
  title={Empirical validation of an accommodation theory-based model of user-agent relationship},
  author={Bickmore, Timothy and Schulman, Daniel},
  booktitle={Intelligent Virtual Agents},
  pages={390--403},
  year={2012},
  organization={Springer}
}

@inproceedings{sidner2013always,
  title={An always-on companion for isolated older adults},
  author={Sidner, Candace and Bickmore, Timothy and Rich, Charles and Barry, Barbara and Ring, Lazlo and Behrooz, Morteza and Shayganfar, Mohammad},
  booktitle={14th Annual SIGdial meeting on discourse and dialogue},
  year={2013}
}