@article{brom2005hierarchical,
  title={Hierarchical reactive planning: Where is its limit},
  author={Brom, Cyril},
  journal={Proceedings of MNAS: Modelling Natural Action Selection. Edinburgh, Scotland},
  year={2005}
}
 @inproceedings{erol1994htn,
   title={HTN planning: Complexity and expressivity},
   author={Erol, Kutluhan and Hendler, James and Nau, Dana S},
   booktitle={AAAI},
   volume={94},
   pages={1123--1128},
   year={1994}
 }
 
 @article{ghallab1998pddl,
 	title={PDDL-the planning domain definition language},
 	author={Ghallab, Malik and Knoblock, Craig and Wilkins, David and Barrett, Anthony and Christianson, Dave and Friedman, Marc and Kwok, Chung and Golden, Keith and Penberthy, Scott and Smith, David E and others},
 	year={1998}
 }


@inproceedings{firby1987investigation,
  title={An investigation into reactive planning in complex domains.},
  author={Firby, R James},
  booktitle={AAAI},
  volume={87},
  pages={202--206},
  year={1987}
}
@inproceedings{beaudry2005reactive,
  title={Reactive planning in a motivated behavioral architecture},
  author={Beaudry, Eric and Brosseau, Yannick and C{\^o}t{\'e}, Carle and Ra{\"\i}evsky, Cl{\'e}ment and L{\'e}tourneau, Dominic and Kabanza, Froduald and Michaud, Fran{\c{c}}ois},
  booktitle={Proceedings of the National Conference on Artificial Intelligence},
  volume={20},
  number={3},
  pages={1242},
  year={2005},
  organization={Menlo Park, CA; Cambridge, MA; London; AAAI Press; MIT Press; 1999}
} 
@inproceedings{allen2002human,
  title={Human-machine collaborative planning},
  author={Allen, James and Ferguson, George},
  booktitle={Proceedings of the Third International NASA Workshop on Planning and Scheduling for Space},
  pages={27--29},
  year={2002}
}
@inproceedings{schoppers1987universal,
  title={Universal Plans for Reactive Robots in Unpredictable Environments.},
  author={Schoppers, Marcel},
  booktitle={IJCAI},
  volume={87},
  pages={1039--1046},
  year={1987},
  organization={Citeseer}
}

@inproceedings{conte1998mas,
  title={MAS and social simulation: A suitable commitment},
  author={Conte, Rosaria and Gilbert, Nigel and Sichman, Jaime Sim{\~a}o},
  booktitle={Multi-agent systems and agent-based simulation},
  pages={1--9},
  year={1998},
  organization={Springer}
}
@inproceedings{ayan2007hotride,
  title={HOTRiDE: Hierarchical ordered task replanning in dynamic environments},
  author={Ayan, N Fazil and Kuter, Ugur and Yaman, Fusun and Goldman, Robert P},
  booktitle={Planning and Plan Execution for Real-World Systems--Principles and Practices for Planning in Execution: Papers from the ICAPS Workshop. Providence, RI},
  year={2007}
}
@article{bylander1994computational,
  title={The computational complexity of propositional STRIPS planning},
  author={Bylander, Tom},
  journal={Artificial Intelligence},
  volume={69},
  number={1},
  pages={165--204},
  year={1994},
  publisher={Elsevier}
}
@article{rich2009building,
  title={Building task-based user interfaces with ANSI/CEA-2018},
  author={Rich, Charles},
  journal={Computer},
  volume={42},
  number={8},
  pages={20--27},
  year={2009},
  publisher={IEEE Computer Society}
}


@incollection{hayashi2006dynagent,
  title={Dynagent: An incremental forward-chaining HTN planning agent in dynamic domains},
  author={Hayashi, Hisashi and Tokura, Seiji and Hasegawa, Tetsuo and Ozaki, Fumio},
  booktitle={Declarative Agent Languages and Technologies III},
  pages={171--187},
  year={2006},
  publisher={Springer}
}

@inproceedings{warfield2007adaptation,
  title={Adaptation of Hierarchical Task Network Plans.},
  author={Warfield, Ian and Hogg, Chad and Lee-Urban, Stephen and Munoz-Avila, H{\'e}ctor},
  booktitle={FLAIRS Conference},
  pages={429--434},
  year={2007}
} 

@incollection{boella2002replanning,
  title={A replanning algorithm for a reactive agent architecture},
  author={Boella, Guido and Damiano, Rossana},
  booktitle={Artificial Intelligence: Methodology, Systems, and Applications},
  pages={183--192},
  year={2002},
  publisher={Springer}
}

@inproceedings{van2005plan,
  title={Plan Repair as an Extension of Planning.},
  author={Van Der Krogt, Roman and De Weerdt, Mathijs},
  booktitle={ICAPS},
  volume={5},
  pages={161--170},
  year={2005}
}

@book{maes1990designing,
  title={Designing autonomous agents: Theory and practice from biology to engineering and back},
  author={Maes, Pattie},
  year={1990},
  publisher={MIT press}
}

@inproceedings{cimatti1998strong,
  title={Strong Planning in Non-Deterministic Domains Via Model Checking.},
  author={Cimatti, Alessandro and Roveri, Marco and Traverso, Paolo},
  booktitle={AIPS},
  volume={98},
  pages={36--43},
  year={1998}
}
@inproceedings{isla2005handling,
  title={Handling complexity in the Halo 2 AI},
  author={Isla, Damian},
  booktitle={Game Developers Conference},
  volume={12},
  year={2005}
}
@inproceedings{nau1999shop,
	title={SHOP: Simple hierarchical ordered planner},
	author={Nau, Dana and Cao, Yue and Lotem, Amnon and Mu{\~n}oz-Avila, Hector},
	booktitle={Proceedings of the 16th international joint conference on Artificial intelligence-Volume 2},
	pages={968--973},
	year={1999},
	organization={Morgan Kaufmann Publishers Inc.}
}
@book{wilkins1988practical,
	title={Practical planning: Extending the classical AI planning paradigm},
	author={Wilkins, David E},
	year={1988},
	publisher={Morgan Kaufmann Publishers Inc.}
}

@techreport{sacerdoti1975structure,
	title={A structure for plans and behavior},
	author={Sacerdoti, Earl D},
	year={1975},
	institution={DTIC Document}
}
@inproceedings{zhuo2009learning,
  title={Learning HTN Method Preconditions and Action Models from Partial Observations.},
  author={Zhuo, Hankz Hankui and Hu, Derek Hao and Hogg, Chad and Yang, Qiang and Munoz-Avila, Hector},
  booktitle={IJCAI},
  pages={1804--1810},
  year={2009}
}
@article{erol1996hierarchical,
  title={Hierarchical task network planning: formalization, analysis, and implementation},
  author={Erol, Kutluhan},
  year={1996}
}
@article{ingrand1992architecture,
  title={An architecture for real-time reasoning and system control},
  author={Ingrand, Fran{\c{c}}ois Felix and Georgeff, Michael P and Rao, Anand S},
  journal={IEEE expert},
  volume={7},
  number={6},
  pages={34--44},
  year={1992},
  publisher={IEEE}
}
@inproceedings{rich2012using,
	title={Using collaborative discourse theory to partially automate dialogue tree authoring},
	author={Rich, Charles and Sidner, Candace L},
	booktitle={Intelligent Virtual Agents},
	pages={327--340},
	year={2012},
	organization={Springer}
}

@article{fikes1972strips,
  title={STRIPS: A new approach to the application of theorem proving to problem solving},
  author={Fikes, Richard E and Nilsson, Nils J},
  journal={Artificial intelligence},
  volume={2},
  number={3},
  pages={189--208},
  year={1972},
  publisher={Elsevier}
}

