% This file was created with JabRef 2.10.
% Encoding: UTF-8

@article{swartout2006toward,
	title={Toward virtual humans},
	author={Swartout, William R and Gratch, Jonathan and Hill Jr, Randall W and Hovy, Eduard and Marsella, Stacy and Rickel, Jeff and Traum, David and others},
	journal={AI Magazine},
	volume={27},
	number={2},
	pages={96},
	year={2006}
}

@article{dunbar2005perceptions,
	title={Perceptions of power and interactional dominance in interpersonal relationships},
	author={Dunbar, Norah E and Burgoon, Judee K},
	journal={Journal of Social and Personal Relationships},
	volume={22},
	number={2},
	pages={207--233},
	year={2005},
	publisher={Sage Publications Sage CA: Thousand Oaks, CA}
}

@article{zablotskaya2012relating,
	title={Relating dominance of dialogue participants with their verbal intelligence scores},
	author={Zablotskaya, Kseniya and Rahim, Umai and Fern{\'a}ndez Mart{\'\i}n, Jaime and Minker, Wolfgang},
	year={2012},
	publisher={Telecomunicacion}
}

@article{van2006power,
	title={Power and emotion in negotiation: Power moderates the interpersonal effects of anger and happiness on concession making},
	author={Van Kleef, Gerben A and De Dreu, Carsten KW and Pietroni, Davide and Manstead, Antony SR},
	journal={European Journal of Social Psychology},
	volume={36},
	number={4},
	pages={557--581},
	year={2006},
	publisher={Wiley Online Library}
}

@article{burgoonnonverbal,
	title={Nonverbal expressions of dominance and power in human relationships},
	author={Burgoon, Judee K and Dunbar, Norah E},
	journal={The Sage handbook of nonverbal communication. Sage},
	volume={2},
	year={2006}
}

@article{giebels2000interdependence,
	title={Interdependence in negotiation: Effects of exit options and social motive on distributive and integrative negotiation},
	author={Giebels, Ellen and De Dreu, Carsten KW and Van De Vliert, Evert},
	journal={European Journal of Social Psychology},
	volume={30},
	number={2},
	pages={255--272},
	year={2000},
	publisher={Wiley Online Library}
}

@article{broekens2010affective,
	title={Affective negotiation support systems},
	author={Broekens, Joost and Jonker, Catholijn M and Meyer, John-Jules Ch},
	journal={Journal of Ambient Intelligence and Smart Environments},
	volume={2},
	number={2},
	pages={121--144},
	year={2010},
	publisher={IOS Press}
}


@Article{de2004influence,
	Title                    = {The influence of power on the information search, impression formation, and demands in negotiation},
	Author                   = {De Dreu, Carsten KW and Van Kleef, Gerben A},
	Journal                  = {Journal of Experimental Social Psychology},
	Year                     = {2004},
	Number                   = {3},
	Pages                    = {303--319},
	Volume                   = {40},
	
	Publisher                = {Elsevier}
}

@Article{magee2007power,
	Title                    = {Power, propensity to negotiate, and moving first in competitive interactions},
	Author                   = {Magee, Joe C and Galinsky, Adam D and Gruenfeld, Deborah H},
	Journal                  = {Personality and Social Psychology Bulletin},
	Year                     = {2007},
	Number                   = {2},
	Pages                    = {200--212},
	Volume                   = {33},
	
	Owner                    = {ouldouali},
	Timestamp                = {2017.02.13}
}

@Article{van2006power,
	Title                    = {Power and emotion in negotiation: Power moderates the interpersonal effects of anger and happiness on concession making},
	Author                   = {Van Kleef, Gerben A and De Dreu, Carsten KW and Pietroni, Davide and Manstead, Antony SR},
	Journal                  = {European Journal of Social Psychology},
	Year                     = {2006},
	Number                   = {4},
	Pages                    = {557--581},
	Volume                   = {36},
	publisher={Wiley Online Library}
}

@article{de1995impact,
	title={The impact of social value orientations on negotiator cognition and behavior},
	author={De Dreu, Carsten KW and Van Lange, Paul AM},
	journal={Personality and Social Psychology Bulletin},
	volume={21},
	number={11},
	pages={1178--1188},
	year={1995},
	publisher={Sage Publications Sage CA: Thousand Oaks, CA}
}

@article{galinsky2003power,
	title={From power to action.},
	author={Galinsky, Adam D and Gruenfeld, Deborah H and Magee, Joe C},
	journal={Journal of personality and social psychology},
	volume={85},
	number={3},
	pages={453},
	year={2003},
	publisher={American Psychological Association}
}

@article{fiske1993controlling,
	title={Controlling other people: The impact of power on stereotyping.},
	author={Fiske, Susan T},
	journal={American psychologist},
	volume={48},
	number={6},
	pages={621},
	year={1993},
	publisher={American Psychological Association}
}


@article{bra2013Kendall,
	title={Comparing and aggregating partial orders with Kendall tau distances},
	author={Brandenburg, Franz J and Glei{\ss}ner, Andreas and Hofmeier, Andreas},
	journal={Discrete Mathematics, Algorithms and Applications},
	volume={5},
	number={02},
	pages={1360003},
	year={2013},
	publisher={World Scientific}
}

@inproceedings{lance2008relation,
	title={The relation between gaze behavior and the attribution of emotion: An empirical study},
	author={Lance, Brent and Marsella, Stacy C},
	booktitle={Proc. IVA 2008},
	pages={1--14},
	year={2008}
}

@article{mignault2003many,
	title={The many faces of a neutral face: Head tilt and perception of dominance and emotion},
	author={Mignault, Alain and Chaudhuri, Avi},
	journal={Journal of nonverbal behavior},
	volume={27},
	number={2},
	pages={111--132},
	year={2003}
}

@inproceedings{bee2010bossy,
	title={Bossy or wimpy: expressing social dominance by combining gaze and linguistic behaviors},
	author={Bee, Nikolaus and Pollock, Colin and Andr{\'e}, Elisabeth and Walker, Marilyn},
	booktitle={Proc. IVA 2010},
	pages={265--271},
	year={2010}
}

@inproceedings{strassmann2016effect,
	title={The Effect of an Intelligent Virtual Agent’s Nonverbal Behavior with Regard to Dominance and Cooperativity},
	author={Stra{\ss}mann, Carolin and von der P{\"u}tten, Astrid Rosenthal and Yaghoubzadeh, Ramin and Kaminski, Raffael and Kr{\"a}mer, Nicole},
	booktitle={Proc. IVA 2016},
	pages={15--28},
	year={2016}
}

@article{mehrabian1996analysis,
	title={Analysis of the Big-five Personality Factors in Terms of the PAD Temperament Model},
	author={Mehrabian, Albert},
	journal={Australian Journal of Psychology},
	volume={48},
	number={2},
	pages={86--92},
	year={1996},
	publisher={Wiley Online Library}
}

@inproceedings{gebhard2014exploring,
	title={Exploring interaction strategies for virtual characters to induce stress in simulated job interviews},
	author={Gebhard, Patrick and Baur, Tobias and Damian, Ionut and Mehlmann, Gregor and Wagner, Johannes and Andr{\'e}, Elisabeth},
	booktitle={Proc. AAMAS 2014},
	pages={661--668},
	year={2014}
}

@inproceedings{callejas2014computational,
	title={A computational model of social attitudes for a virtual recruiter},
	author={Callejas, Zoraida and Ravenet, Brian and Ochs, Magalie and Pelachaud, Catherine},
	booktitle={Proc. AAMAS 2014},
	pages={93--100},
	year={2014}
}
@article{bickmore2005establishing,
	title={Establishing and maintaining long-term human-computer relationships},
	author={Bickmore, Timothy W and Picard, Rosalind W},
	journal={ACM Transactions on Computer-Human Interaction (TOCHI)},
	volume={12},
	number={2},
	pages={293--327},
	year={2005},
	publisher={ACM}
}

@article{bickmore2005s,
	title={‘It's just like you talk to a friend’relational agents for older adults},
	author={Bickmore, Timothy W and Caruso, Lisa and Clough-Gorr, Kerri and Heeren, Tim},
	journal={Interacting with Computers},
	volume={17},
	number={6},
	pages={711--735},
	year={2005},
	publisher={Elsevier}
}

@inproceedings{kidd2005sociable,
	title={Sociable robot systems for real-world problems},
	author={Kidd, Cory D and Breazeal, Cynthia},
	booktitle={Robot and Human Interactive Communication, 2005. ROMAN 2005. IEEE International Workshop on},
	pages={353--358},
	year={2005},
	organization={IEEE}
}

@book{kecskes2013research,
	title={Research trends in intercultural pragmatics},
	author={Kecsk{\'e}s, Istv{\'a}n and Romero-Trillo, Jes{\'u}s},
	volume={16},
	year={2013},
	publisher={Walter de Gruyter}
}

@inproceedings{sidner1994artificial,
	title={An artificial discourse language for collaborative negotiation},
	author={Sidner, Candace L},
	booktitle={AAAI},
	volume={94},
	pages={814--819},
	year={1994}
}


@inproceedings{chu1995response,
	title={Response generation in collaborative negotiation},
	author={Chu-Carroll, Jennifer and Carberry, Sandra},
	booktitle={Proceedings of the 33rd annual meeting on Association for Computational Linguistics},
	pages={136--143},
	year={1995},
	organization={Association for Computational Linguistics}
}


@inproceedings{traum2008multi,
	title={Multi-party, multi-issue, multi-strategy negotiation for multi-modal virtual agents},
	author={Traum, David and Marsella, Stacy C and Gratch, Jonathan and Lee, Jina and Hartholt, Arno},
	booktitle={Proc. IVA 2008},
	pages={117--130},
	year={2008}
}

@inproceedings{gulz2011extending,
	title={Extending a teachable agent with a social conversation module--effects on student experiences and learning},
	author={Gulz, Agneta and Haake, Magnus and Silvervarg, Annika},
	booktitle={Artificial intelligence in education},
	pages={106--114},
	year={2011},
	organization={Springer}
}

@article{carlson2013theory,
	title={Theory of mind},
	author={Carlson, Stephanie M and Koenig, Melissa A and Harms, Madeline B},
	journal={Wiley Interdisciplinary Reviews: Cognitive Science},
	volume={4},
	number={4},
	pages={391--402},
	year={2013},
	publisher={Wiley Online Library}
}

@article{de2015humans,
	title={Humans versus Computers: Impact of Emotion Expressions on People's Decision Making},
	author={de Melo, Celso M and Gratch, Jonathan and Carnevale, Peter J},
	journal={IEEE Transactions on Affective Computing},
	volume={6},
	number={2},
	pages={127--136},
	year={2015},
	publisher={IEEE}
}

@inproceedings{de2011effect,
	title={The effect of expression of anger and happiness in computer agents on negotiations with humans},
	author={de Melo, Celso M and Carnevale, Peter and Gratch, Jonathan},
	booktitle={Proc. AAMAS 2011},
	pages={937--944},
	year={2011}
}

@article{rich09,
	title={Robots and avatars as hosts, advisors, companions, and jesters},
	author={Rich, Charles and Sidner, Candace L},
	journal={AI Magazine},
	volume={30},
	number={1},
	pages={29},
	year={2009}
}

@inproceedings{klatt2011negotiations,
	title={Negotiations in the context of AIDS prevention: an agent-based model using theory of mind},
	author={Klatt, Jennifer and Marsella, Stacy and Kr{\"a}mer, Nicole C},
	booktitle={Proc. IVA 2011},
	pages={209--215},
	year={2011}
}

@article{kerly2008calmsystem,
	title={CALMsystem: a conversational agent for learner modelling},
	author={Kerly, Alice and Ellis, Richard and Bull, Susan},
	journal={Knowledge-Based Systems},
	volume={21},
	number={3},
	pages={238--246},
	year={2008},
	publisher={Elsevier}
}

@inproceedings{nazari2015opponent,
	title={Opponent modeling for virtual human negotiators},
	author={Nazari, Zahra and Lucas, Gale M and Gratch, Jonathan},
	booktitle={International Conference on Intelligent Virtual Agents},
	pages={39--49},
	year={2015},
	organization={Springer}
}

@inproceedings{ouali2017computational,
	title={A computational model of power in collaborative negotiation dialogues},
	author={Ouali, Lydia Ould and Sabouret, Nicolas and Rich, Charles},
	booktitle={International Conference on Intelligent Virtual Agents},
	pages={259--272},
	year={2017},
	organization={Springer}
}

@incollection{sycara2010agent,
	title={Agent reasoning in negotiation},
	author={Sycara, Katia and Dai, Tinglong},
	booktitle={Handbook of Group Decision and Negotiation},
	pages={437--451},
	year={2010},
	publisher={Springer}
}
@article{lai2009generic,
	title={A generic framework for automated multi-attribute negotiation},
	author={Lai, Guoming and Sycara, Katia},
	journal={Group Decision and Negotiation},
	volume={18},
	number={2},
	pages={169--187},
	year={2009},
	publisher={Springer}
}