@book{searle1969speech,
  title={Speech acts: An essay in the philosophy of language},
  author={Searle, John R},
  volume={626},
  year={1969},
  publisher={Cambridge university press}
}

@article{rao1991modeling,
	title={Modeling rational agents within a BDI-architecture},
	author={Rao, Anand S and Georgeff, Michael P},
	journal={KR},
	volume={91},
	pages={473--484},
	year={1991}
}


@article{haslam1994mental,
  title={Mental representation of social relationships: Dimensions, laws, or categories?},
  author={Haslam, Nick},
  journal={Journal of Personality and Social Psychology},
  volume={67},
  number={4},
  pages={575},
  year={1994},
  publisher={American Psychological Association}
}

@book{moon1998intimate,
  title={Intimate self-disclosure exhanges: Using computers to build reciprocal relationships with consumers},
  author={Moon, Youngme},
  year={1998},
  publisher={Division of Research, Harvard Business School}
}

@inproceedings{bickmore2000weather,
  title={how about this weather?‚Äù social dialogue with embodied conversational agents},
  author={Bickmore, Timothy and Cassell, Justine},
  booktitle={Proc. AAAI Fall Symposium on Socially Intelligent Agents},
  year={2000}
}

@article{reis2000relationship,
  title={The relationship context of human behavior and development.},
  author={Reis, Harry T and Collins, W Andrew and Berscheid, Ellen},
  journal={Psychological bulletin},
  volume={126},
  number={6},
  pages={844},
  year={2000},
  publisher={American Psychological Association}
}

@article{nicholson2001role,
  title={The role of interpersonal liking in building trust in long-term channel relationships},
  author={Nicholson, Carolyn Y and Compeau, Larry D and Sethi, Rajesh},
  journal={Journal of the Academy of Marketing Science},
  volume={29},
  number={1},
  pages={3--15},
  year={2001},
  publisher={Springer}
}

@book{svennevig2000getting,
  title={Getting acquainted in conversation: a study of initial interactions},
  author={Svennevig, Jan},
  volume={64},
  year={2000},
  publisher={John Benjamins Publishing}
}

@article{markopoulos2005case,
  title={Case study: bringing social intelligence into home dialogue systems},
  author={Markopoulos, Panos and de Ruyter, Boris and Privender, Saini and van Breemen, Albert},
  journal={interactions},
  volume={12},
  number={4},
  pages={37--44},
  year={2005},
  publisher={ACM}
}

@book{figueira2005multiple,
  title={Multiple criteria decision analysis: state of the art surveys},
  author={Figueira, Jos{\'e} and Greco, Salvatore and Ehrgott, Matthias},
  volume={78},
  year={2005},
  publisher={Springer Science \& Business Media}
}

@article{bickmore2005establishing,
  title={Establishing and maintaining long-term human-computer relationships},
  author={Bickmore, Timothy W and Picard, Rosalind W},
  journal={ACM Transactions on Computer-Human Interaction (TOCHI)},
  volume={12},
  number={2},
  pages={293--327},
  year={2005},
  publisher={ACM}
}

@article{rich2009building,
  title={Building task-based user interfaces with ANSI/CEA-2018},
  author={Rich, Charles},
  journal={Computer},
  number={8},
  pages={20--27},
  year={2009},
  publisher={IEEE}
}

@inproceedings{sidner2013always,
  title={An always-on companion for isolated older adults},
  author={Sidner, Candace and Bickmore, Timothy and Rich, Charles and Barry, Barbara and Ring, Lazlo and Behrooz, Morteza and Shayganfar, Mohammad},
  booktitle={14th Annual SIGdial meeting on discourse and dialogue},
  year={2013}
}