% This file was created with JabRef 2.10.
% Encoding: UTF-8


@Article{de2004influence,
  Title                    = {The influence of power on the information search, impression formation, and demands in negotiation},
  Author                   = {De Dreu, Carsten KW and Van Kleef, Gerben A},
  Journal                  = {Journal of Experimental Social Psychology},
  Year                     = {2004},
  Number                   = {3},
  Pages                    = {303--319},
  Volume                   = {40},

  Publisher                = {Elsevier}
}

@Article{magee2007power,
  Title                    = {Power, propensity to negotiate, and moving first in competitive interactions},
  Author                   = {Magee, Joe C and Galinsky, Adam D and Gruenfeld, Deborah H},
  Journal                  = {Personality and Social Psychology Bulletin},
  Year                     = {2007},
  Number                   = {2},
  Pages                    = {200--212},
  Volume                   = {33},

  Owner                    = {ouldouali},
  Timestamp                = {2017.02.13}
}

@Article{van2006power,
  Title                    = {Power and emotion in negotiation: Power moderates the interpersonal effects of anger and happiness on concession making},
  Author                   = {Van Kleef, Gerben A and De Dreu, Carsten KW and Pietroni, Davide and Manstead, Antony SR},
  Journal                  = {European Journal of Social Psychology},
  Year                     = {2006},
  Number                   = {4},
  Pages                    = {557--581},
  Volume                   = {36},
  publisher={Wiley Online Library}
}

@article{de1995impact,
	title={The impact of social value orientations on negotiator cognition and behavior},
	author={De Dreu, Carsten KW and Van Lange, Paul AM},
	journal={Personality and Social Psychology Bulletin},
	volume={21},
	number={11},
	pages={1178--1188},
	year={1995},
	publisher={Sage Publications Sage CA: Thousand Oaks, CA}
}

@article{bra2013Kendall,
	title={Comparing and aggregating partial orders with Kendall tau distances},
	author={Brandenburg, Franz J and Glei{\ss}ner, Andreas and Hofmeier, Andreas},
	journal={Discrete Mathematics, Algorithms and Applications},
	volume={5},
	number={02},
	pages={1360003},
	year={2013},
	publisher={World Scientific}
}
